%YAML 1.1
%TAG !u! tag:unity3d.com,2011:
--- !u!29 &1
OcclusionCullingSettings:
  m_ObjectHideFlags: 0
  serializedVersion: 2
  m_OcclusionBakeSettings:
    smallestOccluder: 5
    smallestHole: 0.25
    backfaceThreshold: 100
  m_SceneGUID: 00000000000000000000000000000000
  m_OcclusionCullingData: {fileID: 0}
--- !u!104 &2
RenderSettings:
  m_ObjectHideFlags: 0
  serializedVersion: 9
  m_Fog: 0
  m_FogColor: {r: 0.5, g: 0.5, b: 0.5, a: 1}
  m_FogMode: 3
  m_FogDensity: 0.01
  m_LinearFogStart: 0
  m_LinearFogEnd: 300
  m_AmbientSkyColor: {r: 0.212, g: 0.227, b: 0.259, a: 1}
  m_AmbientEquatorColor: {r: 0.114, g: 0.125, b: 0.133, a: 1}
  m_AmbientGroundColor: {r: 0.047, g: 0.043, b: 0.035, a: 1}
  m_AmbientIntensity: 1
  m_AmbientMode: 0
  m_SubtractiveShadowColor: {r: 0.42, g: 0.478, b: 0.627, a: 1}
  m_SkyboxMaterial: {fileID: 10304, guid: 0000000000000000f000000000000000, type: 0}
  m_HaloStrength: 0.5
  m_FlareStrength: 1
  m_FlareFadeSpeed: 3
  m_HaloTexture: {fileID: 0}
  m_SpotCookie: {fileID: 10001, guid: 0000000000000000e000000000000000, type: 0}
  m_DefaultReflectionMode: 0
  m_DefaultReflectionResolution: 128
  m_ReflectionBounces: 1
  m_ReflectionIntensity: 1
  m_CustomReflection: {fileID: 0}
  m_Sun: {fileID: 0}
  m_IndirectSpecularColor: {r: 0.44657898, g: 0.4964133, b: 0.5748178, a: 1}
  m_UseRadianceAmbientProbe: 0
--- !u!157 &3
LightmapSettings:
  m_ObjectHideFlags: 0
  serializedVersion: 11
  m_GIWorkflowMode: 0
  m_GISettings:
    serializedVersion: 2
    m_BounceScale: 1
    m_IndirectOutputScale: 1
    m_AlbedoBoost: 1
    m_EnvironmentLightingMode: 0
    m_EnableBakedLightmaps: 1
    m_EnableRealtimeLightmaps: 1
  m_LightmapEditorSettings:
    serializedVersion: 12
    m_Resolution: 2
    m_BakeResolution: 40
    m_AtlasSize: 1024
    m_AO: 0
    m_AOMaxDistance: 1
    m_CompAOExponent: 1
    m_CompAOExponentDirect: 0
    m_ExtractAmbientOcclusion: 0
    m_Padding: 2
    m_LightmapParameters: {fileID: 0}
    m_LightmapsBakeMode: 1
    m_TextureCompression: 1
    m_FinalGather: 0
    m_FinalGatherFiltering: 1
    m_FinalGatherRayCount: 256
    m_ReflectionCompression: 2
    m_MixedBakeMode: 2
    m_BakeBackend: 1
    m_PVRSampling: 1
    m_PVRDirectSampleCount: 32
    m_PVRSampleCount: 512
    m_PVRBounces: 2
    m_PVREnvironmentSampleCount: 256
    m_PVREnvironmentReferencePointCount: 2048
    m_PVRFilteringMode: 1
    m_PVRDenoiserTypeDirect: 1
    m_PVRDenoiserTypeIndirect: 1
    m_PVRDenoiserTypeAO: 1
    m_PVRFilterTypeDirect: 0
    m_PVRFilterTypeIndirect: 0
    m_PVRFilterTypeAO: 0
    m_PVREnvironmentMIS: 1
    m_PVRCulling: 1
    m_PVRFilteringGaussRadiusDirect: 1
    m_PVRFilteringGaussRadiusIndirect: 5
    m_PVRFilteringGaussRadiusAO: 2
    m_PVRFilteringAtrousPositionSigmaDirect: 0.5
    m_PVRFilteringAtrousPositionSigmaIndirect: 2
    m_PVRFilteringAtrousPositionSigmaAO: 1
    m_ShowResolutionOverlay: 1
    m_ExportTrainingData: 0
  m_LightingDataAsset: {fileID: 0}
  m_UseShadowmask: 1
--- !u!196 &4
NavMeshSettings:
  serializedVersion: 2
  m_ObjectHideFlags: 0
  m_BuildSettings:
    serializedVersion: 2
    agentTypeID: 0
    agentRadius: 0.5
    agentHeight: 2
    agentSlope: 45
    agentClimb: 0.4
    ledgeDropHeight: 0
    maxJumpAcrossDistance: 0
    minRegionArea: 2
    manualCellSize: 0
    cellSize: 0.16666667
    manualTileSize: 0
    tileSize: 256
    accuratePlacement: 0
    debug:
      m_Flags: 0
  m_NavMeshData: {fileID: 0}
--- !u!114 &431569136 stripped
MonoBehaviour:
  m_CorrespondingSourceObject: {fileID: 1121717537174089019, guid: eca996b31eed57342b400fd2f6148b93,
    type: 3}
  m_PrefabInstance: {fileID: 458704133}
  m_PrefabAsset: {fileID: 0}
  m_GameObject: {fileID: 0}
  m_Enabled: 1
  m_EditorHideFlags: 0
  m_Script: {fileID: 11500000, guid: 9ccaa53a6297e394cb8742d8b462baa5, type: 3}
  m_Name: 
  m_EditorClassIdentifier: 
--- !u!1001 &458704133
PrefabInstance:
  m_ObjectHideFlags: 0
  serializedVersion: 2
  m_Modification:
    m_TransformParent: {fileID: 0}
    m_Modifications:
    - target: {fileID: 1121717537174089020, guid: eca996b31eed57342b400fd2f6148b93,
        type: 3}
      propertyPath: m_Name
      value: Door (1)
      objectReference: {fileID: 0}
    - target: {fileID: 1121717537174089019, guid: eca996b31eed57342b400fd2f6148b93,
        type: 3}
      propertyPath: landingTarget
      value: 
      objectReference: {fileID: 3579544783431317893}
    - target: {fileID: 1121717537174089019, guid: eca996b31eed57342b400fd2f6148b93,
        type: 3}
      propertyPath: goToTarget
      value: 
      objectReference: {fileID: 3579544783431317893}
    - target: {fileID: 1121717537174089019, guid: eca996b31eed57342b400fd2f6148b93,
        type: 3}
      propertyPath: targetDoor
      value: 
      objectReference: {fileID: 1004834628}
    - target: {fileID: 1121717537174088993, guid: eca996b31eed57342b400fd2f6148b93,
        type: 3}
      propertyPath: m_LocalPosition.x
      value: 19
      objectReference: {fileID: 0}
    - target: {fileID: 1121717537174088993, guid: eca996b31eed57342b400fd2f6148b93,
        type: 3}
      propertyPath: m_LocalPosition.y
      value: 1
      objectReference: {fileID: 0}
    - target: {fileID: 1121717537174088993, guid: eca996b31eed57342b400fd2f6148b93,
        type: 3}
      propertyPath: m_LocalPosition.z
      value: 2
      objectReference: {fileID: 0}
    - target: {fileID: 1121717537174088993, guid: eca996b31eed57342b400fd2f6148b93,
        type: 3}
      propertyPath: m_LocalRotation.x
      value: 0
      objectReference: {fileID: 0}
    - target: {fileID: 1121717537174088993, guid: eca996b31eed57342b400fd2f6148b93,
        type: 3}
      propertyPath: m_LocalRotation.y
      value: 1
      objectReference: {fileID: 0}
    - target: {fileID: 1121717537174088993, guid: eca996b31eed57342b400fd2f6148b93,
        type: 3}
      propertyPath: m_LocalRotation.z
      value: 0
      objectReference: {fileID: 0}
    - target: {fileID: 1121717537174088993, guid: eca996b31eed57342b400fd2f6148b93,
        type: 3}
      propertyPath: m_LocalRotation.w
      value: 0
      objectReference: {fileID: 0}
    - target: {fileID: 1121717537174088993, guid: eca996b31eed57342b400fd2f6148b93,
        type: 3}
      propertyPath: m_RootOrder
      value: 2
      objectReference: {fileID: 0}
    - target: {fileID: 1121717537174088993, guid: eca996b31eed57342b400fd2f6148b93,
        type: 3}
      propertyPath: m_LocalEulerAnglesHint.x
      value: 0
      objectReference: {fileID: 0}
    - target: {fileID: 1121717537174088993, guid: eca996b31eed57342b400fd2f6148b93,
        type: 3}
      propertyPath: m_LocalEulerAnglesHint.y
      value: 180
      objectReference: {fileID: 0}
    - target: {fileID: 1121717537174088993, guid: eca996b31eed57342b400fd2f6148b93,
        type: 3}
      propertyPath: m_LocalEulerAnglesHint.z
      value: 0
      objectReference: {fileID: 0}
    m_RemovedComponents: []
  m_SourcePrefab: {fileID: 100100000, guid: eca996b31eed57342b400fd2f6148b93, type: 3}
--- !u!114 &1004834628 stripped
MonoBehaviour:
  m_CorrespondingSourceObject: {fileID: 1121717537174089019, guid: eca996b31eed57342b400fd2f6148b93,
    type: 3}
  m_PrefabInstance: {fileID: 4537946238834634895}
  m_PrefabAsset: {fileID: 0}
  m_GameObject: {fileID: 0}
  m_Enabled: 1
  m_EditorHideFlags: 0
  m_Script: {fileID: 11500000, guid: 9ccaa53a6297e394cb8742d8b462baa5, type: 3}
  m_Name: 
  m_EditorClassIdentifier: 
--- !u!1 &1048481384
GameObject:
  m_ObjectHideFlags: 0
  m_CorrespondingSourceObject: {fileID: 0}
  m_PrefabInstance: {fileID: 0}
  m_PrefabAsset: {fileID: 0}
  serializedVersion: 6
  m_Component:
  - component: {fileID: 1048481388}
  - component: {fileID: 1048481387}
  - component: {fileID: 1048481386}
  - component: {fileID: 1048481385}
  m_Layer: 5
  m_Name: Canvas
  m_TagString: Untagged
  m_Icon: {fileID: 0}
  m_NavMeshLayer: 0
  m_StaticEditorFlags: 0
  m_IsActive: 1
--- !u!114 &1048481385
MonoBehaviour:
  m_ObjectHideFlags: 0
  m_CorrespondingSourceObject: {fileID: 0}
  m_PrefabInstance: {fileID: 0}
  m_PrefabAsset: {fileID: 0}
  m_GameObject: {fileID: 1048481384}
  m_Enabled: 1
  m_EditorHideFlags: 0
  m_Script: {fileID: 1301386320, guid: f70555f144d8491a825f0804e09c671c, type: 3}
  m_Name: 
  m_EditorClassIdentifier: 
  m_IgnoreReversedGraphics: 1
  m_BlockingObjects: 0
  m_BlockingMask:
    serializedVersion: 2
    m_Bits: 4294967295
--- !u!114 &1048481386
MonoBehaviour:
  m_ObjectHideFlags: 0
  m_CorrespondingSourceObject: {fileID: 0}
  m_PrefabInstance: {fileID: 0}
  m_PrefabAsset: {fileID: 0}
  m_GameObject: {fileID: 1048481384}
  m_Enabled: 1
  m_EditorHideFlags: 0
  m_Script: {fileID: 1980459831, guid: f70555f144d8491a825f0804e09c671c, type: 3}
  m_Name: 
  m_EditorClassIdentifier: 
  m_UiScaleMode: 1
  m_ReferencePixelsPerUnit: 100
  m_ScaleFactor: 1
  m_ReferenceResolution: {x: 800, y: 600}
  m_ScreenMatchMode: 0
  m_MatchWidthOrHeight: 0
  m_PhysicalUnit: 3
  m_FallbackScreenDPI: 96
  m_DefaultSpriteDPI: 96
  m_DynamicPixelsPerUnit: 1
--- !u!223 &1048481387
Canvas:
  m_ObjectHideFlags: 0
  m_CorrespondingSourceObject: {fileID: 0}
  m_PrefabInstance: {fileID: 0}
  m_PrefabAsset: {fileID: 0}
  m_GameObject: {fileID: 1048481384}
  m_Enabled: 1
  serializedVersion: 3
  m_RenderMode: 0
  m_Camera: {fileID: 0}
  m_PlaneDistance: 100
  m_PixelPerfect: 0
  m_ReceivesEvents: 1
  m_OverrideSorting: 0
  m_OverridePixelPerfect: 0
  m_SortingBucketNormalizedSize: 0
  m_AdditionalShaderChannelsFlag: 0
  m_SortingLayerID: 0
  m_SortingOrder: 0
  m_TargetDisplay: 0
--- !u!224 &1048481388
RectTransform:
  m_ObjectHideFlags: 0
  m_CorrespondingSourceObject: {fileID: 0}
  m_PrefabInstance: {fileID: 0}
  m_PrefabAsset: {fileID: 0}
  m_GameObject: {fileID: 1048481384}
  m_LocalRotation: {x: 0, y: 0, z: 0, w: 1}
  m_LocalPosition: {x: 0, y: 0, z: 0}
  m_LocalScale: {x: 0, y: 0, z: 0}
  m_Children:
  - {fileID: 2034159533}
  m_Father: {fileID: 0}
  m_RootOrder: 4
  m_LocalEulerAnglesHint: {x: 0, y: 0, z: 0}
  m_AnchorMin: {x: 0, y: 0}
  m_AnchorMax: {x: 0, y: 0}
  m_AnchoredPosition: {x: 0, y: 0}
  m_SizeDelta: {x: 0, y: 0}
  m_Pivot: {x: 0, y: 0}
--- !u!1 &1108995511
GameObject:
  m_ObjectHideFlags: 0
  m_CorrespondingSourceObject: {fileID: 0}
  m_PrefabInstance: {fileID: 0}
  m_PrefabAsset: {fileID: 0}
  serializedVersion: 6
  m_Component:
  - component: {fileID: 1108995514}
  - component: {fileID: 1108995513}
  - component: {fileID: 1108995512}
  m_Layer: 0
  m_Name: EventSystem
  m_TagString: Untagged
  m_Icon: {fileID: 0}
  m_NavMeshLayer: 0
  m_StaticEditorFlags: 0
  m_IsActive: 1
--- !u!114 &1108995512
MonoBehaviour:
  m_ObjectHideFlags: 0
  m_CorrespondingSourceObject: {fileID: 0}
  m_PrefabInstance: {fileID: 0}
  m_PrefabAsset: {fileID: 0}
  m_GameObject: {fileID: 1108995511}
  m_Enabled: 1
  m_EditorHideFlags: 0
  m_Script: {fileID: 1077351063, guid: f70555f144d8491a825f0804e09c671c, type: 3}
  m_Name: 
  m_EditorClassIdentifier: 
  m_HorizontalAxis: Horizontal
  m_VerticalAxis: Vertical
  m_SubmitButton: Submit
  m_CancelButton: Cancel
  m_InputActionsPerSecond: 10
  m_RepeatDelay: 0.5
  m_ForceModuleActive: 0
--- !u!114 &1108995513
MonoBehaviour:
  m_ObjectHideFlags: 0
  m_CorrespondingSourceObject: {fileID: 0}
  m_PrefabInstance: {fileID: 0}
  m_PrefabAsset: {fileID: 0}
  m_GameObject: {fileID: 1108995511}
  m_Enabled: 1
  m_EditorHideFlags: 0
  m_Script: {fileID: -619905303, guid: f70555f144d8491a825f0804e09c671c, type: 3}
  m_Name: 
  m_EditorClassIdentifier: 
  m_FirstSelected: {fileID: 0}
  m_sendNavigationEvents: 1
  m_DragThreshold: 10
--- !u!4 &1108995514
Transform:
  m_ObjectHideFlags: 0
  m_CorrespondingSourceObject: {fileID: 0}
  m_PrefabInstance: {fileID: 0}
  m_PrefabAsset: {fileID: 0}
  m_GameObject: {fileID: 1108995511}
  m_LocalRotation: {x: -0, y: -0, z: -0, w: 1}
  m_LocalPosition: {x: 0, y: 0, z: 0}
  m_LocalScale: {x: 1, y: 1, z: 1}
  m_Children: []
  m_Father: {fileID: 0}
  m_RootOrder: 6
  m_LocalEulerAnglesHint: {x: 0, y: 0, z: 0}
--- !u!1 &1736055541
GameObject:
  m_ObjectHideFlags: 0
  m_CorrespondingSourceObject: {fileID: 0}
  m_PrefabInstance: {fileID: 0}
  m_PrefabAsset: {fileID: 0}
  serializedVersion: 6
  m_Component:
  - component: {fileID: 1736055543}
  - component: {fileID: 1736055542}
  m_Layer: 0
  m_Name: Directional Light
  m_TagString: Untagged
  m_Icon: {fileID: 0}
  m_NavMeshLayer: 0
  m_StaticEditorFlags: 0
  m_IsActive: 1
--- !u!108 &1736055542
Light:
  m_ObjectHideFlags: 0
  m_CorrespondingSourceObject: {fileID: 0}
  m_PrefabInstance: {fileID: 0}
  m_PrefabAsset: {fileID: 0}
  m_GameObject: {fileID: 1736055541}
  m_Enabled: 1
  serializedVersion: 9
  m_Type: 1
  m_Color: {r: 1, g: 0.95686275, b: 0.8392157, a: 1}
  m_Intensity: 1
  m_Range: 10
  m_SpotAngle: 30
  m_InnerSpotAngle: 21.80208
  m_CookieSize: 10
  m_Shadows:
    m_Type: 2
    m_Resolution: -1
    m_CustomResolution: -1
    m_Strength: 1
    m_Bias: 0.05
    m_NormalBias: 0.4
    m_NearPlane: 0.2
    m_CullingMatrixOverride:
      e00: 1
      e01: 0
      e02: 0
      e03: 0
      e10: 0
      e11: 1
      e12: 0
      e13: 0
      e20: 0
      e21: 0
      e22: 1
      e23: 0
      e30: 0
      e31: 0
      e32: 0
      e33: 1
    m_UseCullingMatrixOverride: 0
  m_Cookie: {fileID: 0}
  m_DrawHalo: 0
  m_Flare: {fileID: 0}
  m_RenderMode: 0
  m_CullingMask:
    serializedVersion: 2
    m_Bits: 4294967295
  m_RenderingLayerMask: 1
  m_Lightmapping: 4
  m_LightShadowCasterMode: 0
  m_AreaSize: {x: 1, y: 1}
  m_BounceIntensity: 1
  m_ColorTemperature: 6570
  m_UseColorTemperature: 0
  m_BoundingSphereOverride: {x: 0, y: 0, z: 0, w: 0}
  m_UseBoundingSphereOverride: 0
  m_ShadowRadius: 0
  m_ShadowAngle: 0
--- !u!4 &1736055543
Transform:
  m_ObjectHideFlags: 0
  m_CorrespondingSourceObject: {fileID: 0}
  m_PrefabInstance: {fileID: 0}
  m_PrefabAsset: {fileID: 0}
  m_GameObject: {fileID: 1736055541}
  m_LocalRotation: {x: 0.40821788, y: -0.23456968, z: 0.10938163, w: 0.8754261}
  m_LocalPosition: {x: 0, y: 3, z: 0}
  m_LocalScale: {x: 1, y: 1, z: 1}
  m_Children: []
  m_Father: {fileID: 0}
  m_RootOrder: 5
  m_LocalEulerAnglesHint: {x: 50, y: -30, z: 0}
--- !u!1 &2034159532
GameObject:
  m_ObjectHideFlags: 0
  m_CorrespondingSourceObject: {fileID: 0}
  m_PrefabInstance: {fileID: 0}
  m_PrefabAsset: {fileID: 0}
  serializedVersion: 6
  m_Component:
  - component: {fileID: 2034159533}
  - component: {fileID: 2034159535}
  - component: {fileID: 2034159534}
  m_Layer: 5
  m_Name: VillagerSpeakText
  m_TagString: Untagged
  m_Icon: {fileID: 0}
  m_NavMeshLayer: 0
  m_StaticEditorFlags: 0
  m_IsActive: 1
--- !u!224 &2034159533
RectTransform:
  m_ObjectHideFlags: 0
  m_CorrespondingSourceObject: {fileID: 0}
  m_PrefabInstance: {fileID: 0}
  m_PrefabAsset: {fileID: 0}
  m_GameObject: {fileID: 2034159532}
  m_LocalRotation: {x: 0, y: 0, z: 0, w: 1}
  m_LocalPosition: {x: 0, y: 0, z: 0}
  m_LocalScale: {x: 0.5, y: 0.5, z: 0.5}
  m_Children: []
  m_Father: {fileID: 1048481388}
  m_RootOrder: 0
  m_LocalEulerAnglesHint: {x: 0, y: 0, z: 0}
  m_AnchorMin: {x: 0.5, y: 1}
  m_AnchorMax: {x: 0.5, y: 1}
  m_AnchoredPosition: {x: 0, y: -117.2}
  m_SizeDelta: {x: 160, y: 30}
  m_Pivot: {x: 0.5, y: 0.5}
--- !u!114 &2034159534
MonoBehaviour:
  m_ObjectHideFlags: 0
  m_CorrespondingSourceObject: {fileID: 0}
  m_PrefabInstance: {fileID: 0}
  m_PrefabAsset: {fileID: 0}
  m_GameObject: {fileID: 2034159532}
  m_Enabled: 1
  m_EditorHideFlags: 0
  m_Script: {fileID: 708705254, guid: f70555f144d8491a825f0804e09c671c, type: 3}
  m_Name: 
  m_EditorClassIdentifier: 
  m_Material: {fileID: 0}
  m_Color: {r: 0, g: 0, b: 0, a: 1}
  m_RaycastTarget: 1
  m_OnCullStateChanged:
    m_PersistentCalls:
      m_Calls: []
    m_TypeName: UnityEngine.UI.MaskableGraphic+CullStateChangedEvent, UnityEngine.UI,
      Version=1.0.0.0, Culture=neutral, PublicKeyToken=null
  m_FontData:
    m_Font: {fileID: 10102, guid: 0000000000000000e000000000000000, type: 0}
    m_FontSize: 50
    m_FontStyle: 0
    m_BestFit: 0
    m_MinSize: 5
    m_MaxSize: 53
    m_Alignment: 4
    m_AlignByGeometry: 0
    m_RichText: 1
    m_HorizontalOverflow: 1
    m_VerticalOverflow: 1
    m_LineSpacing: 1
  m_Text: 
--- !u!222 &2034159535
CanvasRenderer:
  m_ObjectHideFlags: 0
  m_CorrespondingSourceObject: {fileID: 0}
  m_PrefabInstance: {fileID: 0}
  m_PrefabAsset: {fileID: 0}
  m_GameObject: {fileID: 2034159532}
  m_CullTransparentMesh: 0
--- !u!114 &3579544783431317893 stripped
MonoBehaviour:
  m_CorrespondingSourceObject: {fileID: 6845656071599235653, guid: 704d82a779fd6e641b33a1a9d1be7f01,
    type: 3}
  m_PrefabInstance: {fileID: 7975240446839200704}
  m_PrefabAsset: {fileID: 0}
  m_GameObject: {fileID: 0}
  m_Enabled: 1
  m_EditorHideFlags: 0
  m_Script: {fileID: 11500000, guid: b2f31518ebfbd5247be79953e0a53791, type: 3}
  m_Name: 
  m_EditorClassIdentifier: 
--- !u!114 &3579544783612874165 stripped
MonoBehaviour:
  m_CorrespondingSourceObject: {fileID: 6845656072048645749, guid: 704d82a779fd6e641b33a1a9d1be7f01,
    type: 3}
  m_PrefabInstance: {fileID: 7975240446839200704}
  m_PrefabAsset: {fileID: 0}
  m_GameObject: {fileID: 0}
  m_Enabled: 1
  m_EditorHideFlags: 0
  m_Script: {fileID: 11500000, guid: b2f31518ebfbd5247be79953e0a53791, type: 3}
  m_Name: 
  m_EditorClassIdentifier: 
--- !u!1001 &4537946238834634895
PrefabInstance:
  m_ObjectHideFlags: 0
  serializedVersion: 2
  m_Modification:
    m_TransformParent: {fileID: 0}
    m_Modifications:
    - target: {fileID: 1121717537174089020, guid: eca996b31eed57342b400fd2f6148b93,
        type: 3}
      propertyPath: m_Name
      value: Door
      objectReference: {fileID: 0}
    - target: {fileID: 1121717537174089019, guid: eca996b31eed57342b400fd2f6148b93,
        type: 3}
      propertyPath: landingTarget
      value: 
      objectReference: {fileID: 3579544783612874165}
    - target: {fileID: 1121717537174089019, guid: eca996b31eed57342b400fd2f6148b93,
        type: 3}
      propertyPath: goToTarget
      value: 
      objectReference: {fileID: 3579544783612874165}
    - target: {fileID: 1121717537174089019, guid: eca996b31eed57342b400fd2f6148b93,
        type: 3}
      propertyPath: targetDoor
      value: 
      objectReference: {fileID: 431569136}
    - target: {fileID: 1121717537174088993, guid: eca996b31eed57342b400fd2f6148b93,
        type: 3}
      propertyPath: m_LocalPosition.x
      value: 0
      objectReference: {fileID: 0}
    - target: {fileID: 1121717537174088993, guid: eca996b31eed57342b400fd2f6148b93,
        type: 3}
      propertyPath: m_LocalPosition.y
      value: 1
      objectReference: {fileID: 0}
    - target: {fileID: 1121717537174088993, guid: eca996b31eed57342b400fd2f6148b93,
        type: 3}
      propertyPath: m_LocalPosition.z
      value: 2
      objectReference: {fileID: 0}
    - target: {fileID: 1121717537174088993, guid: eca996b31eed57342b400fd2f6148b93,
        type: 3}
      propertyPath: m_LocalRotation.x
      value: -0
      objectReference: {fileID: 0}
    - target: {fileID: 1121717537174088993, guid: eca996b31eed57342b400fd2f6148b93,
        type: 3}
      propertyPath: m_LocalRotation.y
      value: -0
      objectReference: {fileID: 0}
    - target: {fileID: 1121717537174088993, guid: eca996b31eed57342b400fd2f6148b93,
        type: 3}
      propertyPath: m_LocalRotation.z
      value: -0
      objectReference: {fileID: 0}
    - target: {fileID: 1121717537174088993, guid: eca996b31eed57342b400fd2f6148b93,
        type: 3}
      propertyPath: m_LocalRotation.w
      value: 1
      objectReference: {fileID: 0}
    - target: {fileID: 1121717537174088993, guid: eca996b31eed57342b400fd2f6148b93,
        type: 3}
      propertyPath: m_RootOrder
      value: 1
      objectReference: {fileID: 0}
    - target: {fileID: 1121717537174088993, guid: eca996b31eed57342b400fd2f6148b93,
        type: 3}
      propertyPath: m_LocalEulerAnglesHint.x
      value: 0
      objectReference: {fileID: 0}
    - target: {fileID: 1121717537174088993, guid: eca996b31eed57342b400fd2f6148b93,
        type: 3}
      propertyPath: m_LocalEulerAnglesHint.y
      value: 0
      objectReference: {fileID: 0}
    - target: {fileID: 1121717537174088993, guid: eca996b31eed57342b400fd2f6148b93,
        type: 3}
      propertyPath: m_LocalEulerAnglesHint.z
      value: 0
      objectReference: {fileID: 0}
    m_RemovedComponents: []
  m_SourcePrefab: {fileID: 100100000, guid: eca996b31eed57342b400fd2f6148b93, type: 3}
--- !u!1001 &6210116067847494418
PrefabInstance:
  m_ObjectHideFlags: 0
  serializedVersion: 2
  m_Modification:
    m_TransformParent: {fileID: 0}
    m_Modifications:
    - target: {fileID: 2051568754138040545, guid: f727381f0e89ad043a1844134df75f06,
        type: 3}
      propertyPath: m_Name
      value: Villager
      objectReference: {fileID: 0}
    - target: {fileID: 3001514071610745107, guid: f727381f0e89ad043a1844134df75f06,
        type: 3}
      propertyPath: m_LocalPosition.x
      value: 3
      objectReference: {fileID: 0}
    - target: {fileID: 3001514071610745107, guid: f727381f0e89ad043a1844134df75f06,
        type: 3}
      propertyPath: m_LocalPosition.y
      value: 1
      objectReference: {fileID: 0}
    - target: {fileID: 3001514071610745107, guid: f727381f0e89ad043a1844134df75f06,
        type: 3}
      propertyPath: m_LocalPosition.z
      value: 16
      objectReference: {fileID: 0}
    - target: {fileID: 3001514071610745107, guid: f727381f0e89ad043a1844134df75f06,
        type: 3}
      propertyPath: m_LocalRotation.x
      value: 0
      objectReference: {fileID: 0}
    - target: {fileID: 3001514071610745107, guid: f727381f0e89ad043a1844134df75f06,
        type: 3}
      propertyPath: m_LocalRotation.y
      value: 1
      objectReference: {fileID: 0}
    - target: {fileID: 3001514071610745107, guid: f727381f0e89ad043a1844134df75f06,
        type: 3}
      propertyPath: m_LocalRotation.z
      value: 0
      objectReference: {fileID: 0}
    - target: {fileID: 3001514071610745107, guid: f727381f0e89ad043a1844134df75f06,
        type: 3}
      propertyPath: m_LocalRotation.w
      value: 0
      objectReference: {fileID: 0}
    - target: {fileID: 3001514071610745107, guid: f727381f0e89ad043a1844134df75f06,
        type: 3}
      propertyPath: m_RootOrder
      value: 3
      objectReference: {fileID: 0}
    - target: {fileID: 3001514071610745107, guid: f727381f0e89ad043a1844134df75f06,
        type: 3}
      propertyPath: m_LocalEulerAnglesHint.x
      value: 0
      objectReference: {fileID: 0}
    - target: {fileID: 3001514071610745107, guid: f727381f0e89ad043a1844134df75f06,
        type: 3}
      propertyPath: m_LocalEulerAnglesHint.y
      value: 180
      objectReference: {fileID: 0}
    - target: {fileID: 3001514071610745107, guid: f727381f0e89ad043a1844134df75f06,
        type: 3}
      propertyPath: m_LocalEulerAnglesHint.z
      value: 0
      objectReference: {fileID: 0}
    - target: {fileID: 2051568754138040550, guid: f727381f0e89ad043a1844134df75f06,
        type: 3}
      propertyPath: fieldForTalk
      value: 
      objectReference: {fileID: 2034159534}
    m_RemovedComponents: []
  m_SourcePrefab: {fileID: 100100000, guid: f727381f0e89ad043a1844134df75f06, type: 3}
--- !u!1001 &7975240446839200704
PrefabInstance:
  m_ObjectHideFlags: 0
  serializedVersion: 2
  m_Modification:
    m_TransformParent: {fileID: 0}
    m_Modifications:
    - target: {fileID: 7903658715231054826, guid: 704d82a779fd6e641b33a1a9d1be7f01,
        type: 3}
      propertyPath: m_Name
      value: MovementSystem
      objectReference: {fileID: 0}
    - target: {fileID: 6464240885010945127, guid: 704d82a779fd6e641b33a1a9d1be7f01,
        type: 3}
      propertyPath: m_LocalPosition.x
      value: 0
      objectReference: {fileID: 0}
    - target: {fileID: 6464240885010945127, guid: 704d82a779fd6e641b33a1a9d1be7f01,
        type: 3}
      propertyPath: m_LocalPosition.y
      value: 0
      objectReference: {fileID: 0}
    - target: {fileID: 6464240885010945127, guid: 704d82a779fd6e641b33a1a9d1be7f01,
        type: 3}
      propertyPath: m_LocalPosition.z
      value: 0
      objectReference: {fileID: 0}
    - target: {fileID: 6464240885010945127, guid: 704d82a779fd6e641b33a1a9d1be7f01,
        type: 3}
      propertyPath: m_LocalRotation.x
      value: 0
      objectReference: {fileID: 0}
    - target: {fileID: 6464240885010945127, guid: 704d82a779fd6e641b33a1a9d1be7f01,
        type: 3}
      propertyPath: m_LocalRotation.y
      value: 0
      objectReference: {fileID: 0}
    - target: {fileID: 6464240885010945127, guid: 704d82a779fd6e641b33a1a9d1be7f01,
        type: 3}
      propertyPath: m_LocalRotation.z
      value: 0
      objectReference: {fileID: 0}
    - target: {fileID: 6464240885010945127, guid: 704d82a779fd6e641b33a1a9d1be7f01,
        type: 3}
      propertyPath: m_LocalRotation.w
      value: 1
      objectReference: {fileID: 0}
    - target: {fileID: 6464240885010945127, guid: 704d82a779fd6e641b33a1a9d1be7f01,
        type: 3}
      propertyPath: m_RootOrder
      value: 7
      objectReference: {fileID: 0}
    - target: {fileID: 6464240885010945127, guid: 704d82a779fd6e641b33a1a9d1be7f01,
        type: 3}
      propertyPath: m_LocalEulerAnglesHint.x
      value: 0
      objectReference: {fileID: 0}
    - target: {fileID: 6464240885010945127, guid: 704d82a779fd6e641b33a1a9d1be7f01,
        type: 3}
      propertyPath: m_LocalEulerAnglesHint.y
      value: 0
      objectReference: {fileID: 0}
    - target: {fileID: 6464240885010945127, guid: 704d82a779fd6e641b33a1a9d1be7f01,
        type: 3}
      propertyPath: m_LocalEulerAnglesHint.z
      value: 0
      objectReference: {fileID: 0}
    - target: {fileID: 6845656069955136617, guid: 704d82a779fd6e641b33a1a9d1be7f01,
        type: 3}
      propertyPath: m_Size.z
      value: 0.01
      objectReference: {fileID: 0}
    - target: {fileID: 6845656069964912988, guid: 704d82a779fd6e641b33a1a9d1be7f01,
        type: 3}
      propertyPath: m_Size.z
      value: 0.01
      objectReference: {fileID: 0}
    - target: {fileID: 6845656069965621348, guid: 704d82a779fd6e641b33a1a9d1be7f01,
        type: 3}
      propertyPath: m_Size.z
      value: 0.01
      objectReference: {fileID: 0}
    - target: {fileID: 6845656069965632844, guid: 704d82a779fd6e641b33a1a9d1be7f01,
        type: 3}
      propertyPath: m_Size.z
      value: 0.01
      objectReference: {fileID: 0}
    - target: {fileID: 6845656069969350464, guid: 704d82a779fd6e641b33a1a9d1be7f01,
        type: 3}
      propertyPath: m_Size.z
      value: 0.01
      objectReference: {fileID: 0}
    - target: {fileID: 6845656069969844608, guid: 704d82a779fd6e641b33a1a9d1be7f01,
        type: 3}
      propertyPath: m_Size.z
      value: 0.01
      objectReference: {fileID: 0}
    - target: {fileID: 6845656069980570916, guid: 704d82a779fd6e641b33a1a9d1be7f01,
        type: 3}
      propertyPath: m_Size.z
      value: 0.01
      objectReference: {fileID: 0}
    - target: {fileID: 6845656069985789792, guid: 704d82a779fd6e641b33a1a9d1be7f01,
        type: 3}
      propertyPath: m_Size.z
      value: 0.01
      objectReference: {fileID: 0}
    - target: {fileID: 6845656069988182716, guid: 704d82a779fd6e641b33a1a9d1be7f01,
        type: 3}
      propertyPath: m_Size.z
      value: 0.01
      objectReference: {fileID: 0}
    - target: {fileID: 6845656070007967380, guid: 704d82a779fd6e641b33a1a9d1be7f01,
        type: 3}
      propertyPath: m_Size.z
      value: 0.01
      objectReference: {fileID: 0}
    - target: {fileID: 6845656070008125024, guid: 704d82a779fd6e641b33a1a9d1be7f01,
        type: 3}
      propertyPath: m_Size.z
      value: 0.01
      objectReference: {fileID: 0}
    - target: {fileID: 6845656070013834980, guid: 704d82a779fd6e641b33a1a9d1be7f01,
        type: 3}
      propertyPath: m_Size.z
      value: 0.01
      objectReference: {fileID: 0}
    - target: {fileID: 6845656070021312352, guid: 704d82a779fd6e641b33a1a9d1be7f01,
        type: 3}
      propertyPath: m_Size.z
      value: 0.01
      objectReference: {fileID: 0}
    - target: {fileID: 6845656070021658768, guid: 704d82a779fd6e641b33a1a9d1be7f01,
        type: 3}
      propertyPath: m_Size.z
      value: 0.01
      objectReference: {fileID: 0}
    - target: {fileID: 6845656070024237856, guid: 704d82a779fd6e641b33a1a9d1be7f01,
        type: 3}
      propertyPath: m_Size.z
      value: 0.01
      objectReference: {fileID: 0}
    - target: {fileID: 6845656070025412956, guid: 704d82a779fd6e641b33a1a9d1be7f01,
        type: 3}
      propertyPath: m_Size.z
      value: 0.01
      objectReference: {fileID: 0}
    - target: {fileID: 6845656070030067920, guid: 704d82a779fd6e641b33a1a9d1be7f01,
        type: 3}
      propertyPath: m_Size.z
      value: 0.01
      objectReference: {fileID: 0}
    - target: {fileID: 6845656070036124644, guid: 704d82a779fd6e641b33a1a9d1be7f01,
        type: 3}
      propertyPath: m_Size.z
      value: 0.01
      objectReference: {fileID: 0}
    - target: {fileID: 6845656070036164020, guid: 704d82a779fd6e641b33a1a9d1be7f01,
        type: 3}
      propertyPath: m_Size.z
      value: 0.01
      objectReference: {fileID: 0}
    - target: {fileID: 6845656070043729769, guid: 704d82a779fd6e641b33a1a9d1be7f01,
        type: 3}
      propertyPath: m_Size.z
      value: 0.01
      objectReference: {fileID: 0}
    - target: {fileID: 6845656070045462288, guid: 704d82a779fd6e641b33a1a9d1be7f01,
        type: 3}
      propertyPath: m_Size.z
      value: 0.01
      objectReference: {fileID: 0}
    - target: {fileID: 6845656070054020164, guid: 704d82a779fd6e641b33a1a9d1be7f01,
        type: 3}
      propertyPath: m_Size.z
      value: 0.01
      objectReference: {fileID: 0}
    - target: {fileID: 6845656070054327988, guid: 704d82a779fd6e641b33a1a9d1be7f01,
        type: 3}
      propertyPath: m_Size.z
      value: 0.01
      objectReference: {fileID: 0}
    - target: {fileID: 6845656070056835308, guid: 704d82a779fd6e641b33a1a9d1be7f01,
        type: 3}
      propertyPath: m_Size.z
      value: 0.01
      objectReference: {fileID: 0}
    - target: {fileID: 6845656070057394772, guid: 704d82a779fd6e641b33a1a9d1be7f01,
        type: 3}
      propertyPath: m_Size.z
      value: 0.01
      objectReference: {fileID: 0}
    - target: {fileID: 6845656070060049113, guid: 704d82a779fd6e641b33a1a9d1be7f01,
        type: 3}
      propertyPath: m_Size.z
      value: 0.01
      objectReference: {fileID: 0}
    - target: {fileID: 6845656070060431188, guid: 704d82a779fd6e641b33a1a9d1be7f01,
        type: 3}
      propertyPath: m_Size.z
      value: 0.01
      objectReference: {fileID: 0}
    - target: {fileID: 6845656070067393449, guid: 704d82a779fd6e641b33a1a9d1be7f01,
        type: 3}
      propertyPath: m_Size.z
      value: 0.01
      objectReference: {fileID: 0}
    - target: {fileID: 6845656070068156812, guid: 704d82a779fd6e641b33a1a9d1be7f01,
        type: 3}
      propertyPath: m_Size.z
      value: 0.01
      objectReference: {fileID: 0}
    - target: {fileID: 6845656070069294968, guid: 704d82a779fd6e641b33a1a9d1be7f01,
        type: 3}
      propertyPath: m_Size.z
      value: 0.01
      objectReference: {fileID: 0}
    - target: {fileID: 6845656070071018744, guid: 704d82a779fd6e641b33a1a9d1be7f01,
        type: 3}
      propertyPath: m_Size.z
      value: 0.01
      objectReference: {fileID: 0}
    - target: {fileID: 6845656070071617280, guid: 704d82a779fd6e641b33a1a9d1be7f01,
        type: 3}
      propertyPath: m_Size.z
      value: 0.01
      objectReference: {fileID: 0}
    - target: {fileID: 6845656070075863532, guid: 704d82a779fd6e641b33a1a9d1be7f01,
        type: 3}
      propertyPath: m_Size.z
      value: 0.01
      objectReference: {fileID: 0}
    - target: {fileID: 6845656070077379768, guid: 704d82a779fd6e641b33a1a9d1be7f01,
        type: 3}
      propertyPath: m_Size.z
      value: 0.01
      objectReference: {fileID: 0}
    - target: {fileID: 6845656070081852716, guid: 704d82a779fd6e641b33a1a9d1be7f01,
        type: 3}
      propertyPath: m_Size.z
      value: 0.01
      objectReference: {fileID: 0}
    - target: {fileID: 6845656070086604360, guid: 704d82a779fd6e641b33a1a9d1be7f01,
        type: 3}
      propertyPath: m_Size.z
      value: 0.01
      objectReference: {fileID: 0}
    - target: {fileID: 6845656070094237512, guid: 704d82a779fd6e641b33a1a9d1be7f01,
        type: 3}
      propertyPath: m_Size.z
      value: 0.01
      objectReference: {fileID: 0}
    - target: {fileID: 6845656070100677832, guid: 704d82a779fd6e641b33a1a9d1be7f01,
        type: 3}
      propertyPath: m_Size.z
      value: 0.01
      objectReference: {fileID: 0}
    - target: {fileID: 6845656070102747924, guid: 704d82a779fd6e641b33a1a9d1be7f01,
        type: 3}
      propertyPath: m_Size.z
      value: 0.01
      objectReference: {fileID: 0}
    - target: {fileID: 6845656070108131228, guid: 704d82a779fd6e641b33a1a9d1be7f01,
        type: 3}
      propertyPath: m_Size.z
      value: 0.01
      objectReference: {fileID: 0}
    - target: {fileID: 6845656070121176904, guid: 704d82a779fd6e641b33a1a9d1be7f01,
        type: 3}
      propertyPath: m_Size.z
      value: 0.01
      objectReference: {fileID: 0}
    - target: {fileID: 6845656070133470224, guid: 704d82a779fd6e641b33a1a9d1be7f01,
        type: 3}
      propertyPath: m_Size.z
      value: 0.01
      objectReference: {fileID: 0}
    - target: {fileID: 6845656070139718552, guid: 704d82a779fd6e641b33a1a9d1be7f01,
        type: 3}
      propertyPath: m_Size.z
      value: 0.01
      objectReference: {fileID: 0}
    - target: {fileID: 6845656070148981028, guid: 704d82a779fd6e641b33a1a9d1be7f01,
        type: 3}
      propertyPath: m_Size.z
      value: 0.01
      objectReference: {fileID: 0}
    - target: {fileID: 6845656070155865881, guid: 704d82a779fd6e641b33a1a9d1be7f01,
        type: 3}
      propertyPath: m_Size.z
      value: 0.01
      objectReference: {fileID: 0}
    - target: {fileID: 6845656070158036361, guid: 704d82a779fd6e641b33a1a9d1be7f01,
        type: 3}
      propertyPath: m_Size.z
      value: 0.01
      objectReference: {fileID: 0}
    - target: {fileID: 6845656070160215260, guid: 704d82a779fd6e641b33a1a9d1be7f01,
        type: 3}
      propertyPath: m_Size.z
      value: 0.01
      objectReference: {fileID: 0}
    - target: {fileID: 6845656070178384332, guid: 704d82a779fd6e641b33a1a9d1be7f01,
        type: 3}
      propertyPath: m_Size.z
      value: 0.01
      objectReference: {fileID: 0}
    - target: {fileID: 6845656070187460284, guid: 704d82a779fd6e641b33a1a9d1be7f01,
        type: 3}
      propertyPath: m_Size.z
      value: 0.01
      objectReference: {fileID: 0}
    - target: {fileID: 6845656070193754180, guid: 704d82a779fd6e641b33a1a9d1be7f01,
        type: 3}
      propertyPath: m_Size.z
      value: 0.01
      objectReference: {fileID: 0}
    - target: {fileID: 6845656070197269444, guid: 704d82a779fd6e641b33a1a9d1be7f01,
        type: 3}
      propertyPath: m_Size.z
      value: 0.01
      objectReference: {fileID: 0}
    - target: {fileID: 6845656070207605100, guid: 704d82a779fd6e641b33a1a9d1be7f01,
        type: 3}
      propertyPath: m_Size.z
      value: 0.01
      objectReference: {fileID: 0}
    - target: {fileID: 6845656070210258040, guid: 704d82a779fd6e641b33a1a9d1be7f01,
        type: 3}
      propertyPath: m_Size.z
      value: 0.01
      objectReference: {fileID: 0}
    - target: {fileID: 6845656070217653388, guid: 704d82a779fd6e641b33a1a9d1be7f01,
        type: 3}
      propertyPath: m_Size.z
      value: 0.01
      objectReference: {fileID: 0}
    - target: {fileID: 6845656070218088264, guid: 704d82a779fd6e641b33a1a9d1be7f01,
        type: 3}
      propertyPath: m_Size.z
      value: 0.01
      objectReference: {fileID: 0}
    - target: {fileID: 6845656070219295292, guid: 704d82a779fd6e641b33a1a9d1be7f01,
        type: 3}
      propertyPath: m_Size.z
      value: 0.01
      objectReference: {fileID: 0}
    - target: {fileID: 6845656070232980636, guid: 704d82a779fd6e641b33a1a9d1be7f01,
        type: 3}
      propertyPath: m_Size.z
      value: 0.01
      objectReference: {fileID: 0}
    - target: {fileID: 6845656070233561864, guid: 704d82a779fd6e641b33a1a9d1be7f01,
        type: 3}
      propertyPath: m_Size.z
      value: 0.01
      objectReference: {fileID: 0}
    - target: {fileID: 6845656070247778048, guid: 704d82a779fd6e641b33a1a9d1be7f01,
        type: 3}
      propertyPath: m_Size.z
      value: 0.01
      objectReference: {fileID: 0}
    - target: {fileID: 6845656070252570028, guid: 704d82a779fd6e641b33a1a9d1be7f01,
        type: 3}
      propertyPath: m_Size.z
      value: 0.01
      objectReference: {fileID: 0}
    - target: {fileID: 6845656070253143097, guid: 704d82a779fd6e641b33a1a9d1be7f01,
        type: 3}
      propertyPath: m_Size.z
      value: 0.01
      objectReference: {fileID: 0}
    - target: {fileID: 6845656070255786240, guid: 704d82a779fd6e641b33a1a9d1be7f01,
        type: 3}
      propertyPath: m_Size.z
      value: 0.01
      objectReference: {fileID: 0}
    - target: {fileID: 6845656070258006256, guid: 704d82a779fd6e641b33a1a9d1be7f01,
        type: 3}
      propertyPath: m_Size.z
      value: 0.01
      objectReference: {fileID: 0}
    - target: {fileID: 6845656070261944648, guid: 704d82a779fd6e641b33a1a9d1be7f01,
        type: 3}
      propertyPath: m_Size.z
      value: 0.01
      objectReference: {fileID: 0}
    - target: {fileID: 6845656070263014408, guid: 704d82a779fd6e641b33a1a9d1be7f01,
        type: 3}
      propertyPath: m_Size.z
      value: 0.01
      objectReference: {fileID: 0}
    - target: {fileID: 6845656070268305216, guid: 704d82a779fd6e641b33a1a9d1be7f01,
        type: 3}
      propertyPath: m_Size.z
      value: 0.01
      objectReference: {fileID: 0}
    - target: {fileID: 6845656070270110220, guid: 704d82a779fd6e641b33a1a9d1be7f01,
        type: 3}
      propertyPath: m_Size.z
      value: 0.01
      objectReference: {fileID: 0}
    - target: {fileID: 6845656070286297668, guid: 704d82a779fd6e641b33a1a9d1be7f01,
        type: 3}
      propertyPath: m_Size.z
      value: 0.01
      objectReference: {fileID: 0}
    - target: {fileID: 6845656070288464236, guid: 704d82a779fd6e641b33a1a9d1be7f01,
        type: 3}
      propertyPath: m_Size.z
      value: 0.01
      objectReference: {fileID: 0}
    - target: {fileID: 6845656070295410732, guid: 704d82a779fd6e641b33a1a9d1be7f01,
        type: 3}
      propertyPath: m_Size.z
      value: 0.01
      objectReference: {fileID: 0}
    - target: {fileID: 6845656070305049116, guid: 704d82a779fd6e641b33a1a9d1be7f01,
        type: 3}
      propertyPath: m_Size.z
      value: 0.01
      objectReference: {fileID: 0}
    - target: {fileID: 6845656070309765756, guid: 704d82a779fd6e641b33a1a9d1be7f01,
        type: 3}
      propertyPath: m_Size.z
      value: 0.01
      objectReference: {fileID: 0}
    - target: {fileID: 6845656070333051772, guid: 704d82a779fd6e641b33a1a9d1be7f01,
        type: 3}
      propertyPath: m_Size.z
      value: 0.01
      objectReference: {fileID: 0}
    - target: {fileID: 6845656070337655833, guid: 704d82a779fd6e641b33a1a9d1be7f01,
        type: 3}
      propertyPath: m_Size.z
      value: 0.01
      objectReference: {fileID: 0}
    - target: {fileID: 6845656070340692104, guid: 704d82a779fd6e641b33a1a9d1be7f01,
        type: 3}
      propertyPath: m_Size.z
      value: 0.01
      objectReference: {fileID: 0}
    - target: {fileID: 6845656070343145593, guid: 704d82a779fd6e641b33a1a9d1be7f01,
        type: 3}
      propertyPath: m_Size.z
      value: 0.01
      objectReference: {fileID: 0}
    - target: {fileID: 6845656070344841152, guid: 704d82a779fd6e641b33a1a9d1be7f01,
        type: 3}
      propertyPath: m_Size.z
      value: 0.01
      objectReference: {fileID: 0}
    - target: {fileID: 6845656070347335876, guid: 704d82a779fd6e641b33a1a9d1be7f01,
        type: 3}
      propertyPath: m_Size.z
      value: 0.01
      objectReference: {fileID: 0}
    - target: {fileID: 6845656070349378132, guid: 704d82a779fd6e641b33a1a9d1be7f01,
        type: 3}
      propertyPath: m_Size.z
      value: 0.01
      objectReference: {fileID: 0}
    - target: {fileID: 6845656070352807512, guid: 704d82a779fd6e641b33a1a9d1be7f01,
        type: 3}
      propertyPath: m_Size.z
      value: 0.01
      objectReference: {fileID: 0}
    - target: {fileID: 6845656070356152328, guid: 704d82a779fd6e641b33a1a9d1be7f01,
        type: 3}
      propertyPath: m_Size.z
      value: 0.01
      objectReference: {fileID: 0}
    - target: {fileID: 6845656070366221408, guid: 704d82a779fd6e641b33a1a9d1be7f01,
        type: 3}
      propertyPath: m_Size.z
      value: 0.01
      objectReference: {fileID: 0}
    - target: {fileID: 6845656070366518620, guid: 704d82a779fd6e641b33a1a9d1be7f01,
        type: 3}
      propertyPath: m_Size.z
      value: 0.01
      objectReference: {fileID: 0}
    - target: {fileID: 6845656070367297417, guid: 704d82a779fd6e641b33a1a9d1be7f01,
        type: 3}
      propertyPath: m_Size.z
      value: 0.01
      objectReference: {fileID: 0}
    - target: {fileID: 6845656070371480212, guid: 704d82a779fd6e641b33a1a9d1be7f01,
        type: 3}
      propertyPath: m_Size.z
      value: 0.01
      objectReference: {fileID: 0}
    - target: {fileID: 6845656070376256284, guid: 704d82a779fd6e641b33a1a9d1be7f01,
        type: 3}
      propertyPath: m_Size.z
      value: 0.01
      objectReference: {fileID: 0}
    - target: {fileID: 6845656070378093956, guid: 704d82a779fd6e641b33a1a9d1be7f01,
        type: 3}
      propertyPath: m_Size.z
      value: 0.01
      objectReference: {fileID: 0}
    - target: {fileID: 6845656070380965600, guid: 704d82a779fd6e641b33a1a9d1be7f01,
        type: 3}
      propertyPath: m_Size.z
      value: 0.01
      objectReference: {fileID: 0}
    - target: {fileID: 6845656070387054096, guid: 704d82a779fd6e641b33a1a9d1be7f01,
        type: 3}
      propertyPath: m_Size.z
      value: 0.01
      objectReference: {fileID: 0}
    - target: {fileID: 6845656070392515372, guid: 704d82a779fd6e641b33a1a9d1be7f01,
        type: 3}
      propertyPath: m_Size.z
      value: 0.01
      objectReference: {fileID: 0}
    - target: {fileID: 6845656070394801368, guid: 704d82a779fd6e641b33a1a9d1be7f01,
        type: 3}
      propertyPath: m_Size.z
      value: 0.01
      objectReference: {fileID: 0}
    - target: {fileID: 6845656070407201336, guid: 704d82a779fd6e641b33a1a9d1be7f01,
        type: 3}
      propertyPath: m_Size.z
      value: 0.01
      objectReference: {fileID: 0}
    - target: {fileID: 6845656070419228220, guid: 704d82a779fd6e641b33a1a9d1be7f01,
        type: 3}
      propertyPath: m_Size.z
      value: 0.01
      objectReference: {fileID: 0}
    - target: {fileID: 6845656070419409284, guid: 704d82a779fd6e641b33a1a9d1be7f01,
        type: 3}
      propertyPath: m_Size.z
      value: 0.01
      objectReference: {fileID: 0}
    - target: {fileID: 6845656070420126628, guid: 704d82a779fd6e641b33a1a9d1be7f01,
        type: 3}
      propertyPath: m_Size.z
      value: 0.01
      objectReference: {fileID: 0}
    - target: {fileID: 6845656070423409932, guid: 704d82a779fd6e641b33a1a9d1be7f01,
        type: 3}
      propertyPath: m_Size.z
      value: 0.01
      objectReference: {fileID: 0}
    - target: {fileID: 6845656070430463600, guid: 704d82a779fd6e641b33a1a9d1be7f01,
        type: 3}
      propertyPath: m_Size.z
      value: 0.01
      objectReference: {fileID: 0}
    - target: {fileID: 6845656070433228092, guid: 704d82a779fd6e641b33a1a9d1be7f01,
        type: 3}
      propertyPath: m_Size.z
      value: 0.01
      objectReference: {fileID: 0}
    - target: {fileID: 6845656070434829080, guid: 704d82a779fd6e641b33a1a9d1be7f01,
        type: 3}
      propertyPath: m_Size.z
      value: 0.01
      objectReference: {fileID: 0}
    - target: {fileID: 6845656070434862144, guid: 704d82a779fd6e641b33a1a9d1be7f01,
        type: 3}
      propertyPath: m_Size.z
      value: 0.01
      objectReference: {fileID: 0}
    - target: {fileID: 6845656070439894588, guid: 704d82a779fd6e641b33a1a9d1be7f01,
        type: 3}
      propertyPath: m_Size.z
      value: 0.01
      objectReference: {fileID: 0}
    - target: {fileID: 6845656070443129004, guid: 704d82a779fd6e641b33a1a9d1be7f01,
        type: 3}
      propertyPath: m_Size.z
      value: 0.01
      objectReference: {fileID: 0}
    - target: {fileID: 6845656070450950649, guid: 704d82a779fd6e641b33a1a9d1be7f01,
        type: 3}
      propertyPath: m_Size.z
      value: 0.01
      objectReference: {fileID: 0}
    - target: {fileID: 6845656070456163065, guid: 704d82a779fd6e641b33a1a9d1be7f01,
        type: 3}
      propertyPath: m_Size.z
      value: 0.01
      objectReference: {fileID: 0}
    - target: {fileID: 6845656070457422092, guid: 704d82a779fd6e641b33a1a9d1be7f01,
        type: 3}
      propertyPath: m_Size.z
      value: 0.01
      objectReference: {fileID: 0}
    - target: {fileID: 6845656070458965112, guid: 704d82a779fd6e641b33a1a9d1be7f01,
        type: 3}
      propertyPath: m_Size.z
      value: 0.01
      objectReference: {fileID: 0}
    - target: {fileID: 6845656070463587828, guid: 704d82a779fd6e641b33a1a9d1be7f01,
        type: 3}
      propertyPath: m_Size.z
      value: 0.01
      objectReference: {fileID: 0}
    - target: {fileID: 6845656070474523676, guid: 704d82a779fd6e641b33a1a9d1be7f01,
        type: 3}
      propertyPath: m_Size.z
      value: 0.01
      objectReference: {fileID: 0}
    - target: {fileID: 6845656070486132004, guid: 704d82a779fd6e641b33a1a9d1be7f01,
        type: 3}
      propertyPath: m_Size.z
      value: 0.01
      objectReference: {fileID: 0}
    - target: {fileID: 6845656070489269344, guid: 704d82a779fd6e641b33a1a9d1be7f01,
        type: 3}
      propertyPath: m_Size.z
      value: 0.01
      objectReference: {fileID: 0}
    - target: {fileID: 6845656070489488436, guid: 704d82a779fd6e641b33a1a9d1be7f01,
        type: 3}
      propertyPath: m_Size.z
      value: 0.01
      objectReference: {fileID: 0}
    - target: {fileID: 6845656070489721492, guid: 704d82a779fd6e641b33a1a9d1be7f01,
        type: 3}
      propertyPath: m_Size.z
      value: 0.01
      objectReference: {fileID: 0}
    - target: {fileID: 6845656070496373468, guid: 704d82a779fd6e641b33a1a9d1be7f01,
        type: 3}
      propertyPath: m_Size.z
      value: 0.01
      objectReference: {fileID: 0}
    - target: {fileID: 6845656070506973804, guid: 704d82a779fd6e641b33a1a9d1be7f01,
        type: 3}
      propertyPath: m_Size.z
      value: 0.01
      objectReference: {fileID: 0}
    - target: {fileID: 6845656070525521852, guid: 704d82a779fd6e641b33a1a9d1be7f01,
        type: 3}
      propertyPath: m_Size.z
      value: 0.01
      objectReference: {fileID: 0}
    - target: {fileID: 6845656070532821776, guid: 704d82a779fd6e641b33a1a9d1be7f01,
        type: 3}
      propertyPath: m_Size.z
      value: 0.01
      objectReference: {fileID: 0}
    - target: {fileID: 6845656070536547252, guid: 704d82a779fd6e641b33a1a9d1be7f01,
        type: 3}
      propertyPath: m_Size.z
      value: 0.01
      objectReference: {fileID: 0}
    - target: {fileID: 6845656070539786060, guid: 704d82a779fd6e641b33a1a9d1be7f01,
        type: 3}
      propertyPath: m_Size.z
      value: 0.01
      objectReference: {fileID: 0}
    - target: {fileID: 6845656070540276428, guid: 704d82a779fd6e641b33a1a9d1be7f01,
        type: 3}
      propertyPath: m_Size.z
      value: 0.01
      objectReference: {fileID: 0}
    - target: {fileID: 6845656070544188377, guid: 704d82a779fd6e641b33a1a9d1be7f01,
        type: 3}
      propertyPath: m_Size.z
      value: 0.01
      objectReference: {fileID: 0}
    - target: {fileID: 6845656070546391640, guid: 704d82a779fd6e641b33a1a9d1be7f01,
        type: 3}
      propertyPath: m_Size.z
      value: 0.01
      objectReference: {fileID: 0}
    - target: {fileID: 6845656070547850428, guid: 704d82a779fd6e641b33a1a9d1be7f01,
        type: 3}
      propertyPath: m_Size.z
      value: 0.01
      objectReference: {fileID: 0}
    - target: {fileID: 6845656070550111376, guid: 704d82a779fd6e641b33a1a9d1be7f01,
        type: 3}
      propertyPath: m_Size.z
      value: 0.01
      objectReference: {fileID: 0}
    - target: {fileID: 6845656070559535024, guid: 704d82a779fd6e641b33a1a9d1be7f01,
        type: 3}
      propertyPath: m_Size.z
      value: 0.01
      objectReference: {fileID: 0}
    - target: {fileID: 6845656070565539416, guid: 704d82a779fd6e641b33a1a9d1be7f01,
        type: 3}
      propertyPath: m_Size.z
      value: 0.01
      objectReference: {fileID: 0}
    - target: {fileID: 6845656070567424048, guid: 704d82a779fd6e641b33a1a9d1be7f01,
        type: 3}
      propertyPath: m_Size.z
      value: 0.01
      objectReference: {fileID: 0}
    - target: {fileID: 6845656070572001484, guid: 704d82a779fd6e641b33a1a9d1be7f01,
        type: 3}
      propertyPath: m_Size.z
      value: 0.01
      objectReference: {fileID: 0}
    - target: {fileID: 6845656070574270864, guid: 704d82a779fd6e641b33a1a9d1be7f01,
        type: 3}
      propertyPath: m_Size.z
      value: 0.01
      objectReference: {fileID: 0}
    - target: {fileID: 6845656070574992980, guid: 704d82a779fd6e641b33a1a9d1be7f01,
        type: 3}
      propertyPath: m_Size.z
      value: 0.01
      objectReference: {fileID: 0}
    - target: {fileID: 6845656070580468564, guid: 704d82a779fd6e641b33a1a9d1be7f01,
        type: 3}
      propertyPath: m_Size.z
      value: 0.01
      objectReference: {fileID: 0}
    - target: {fileID: 6845656070583245056, guid: 704d82a779fd6e641b33a1a9d1be7f01,
        type: 3}
      propertyPath: m_Size.z
      value: 0.01
      objectReference: {fileID: 0}
    - target: {fileID: 6845656070584179680, guid: 704d82a779fd6e641b33a1a9d1be7f01,
        type: 3}
      propertyPath: m_Size.z
      value: 0.01
      objectReference: {fileID: 0}
    - target: {fileID: 6845656070602196340, guid: 704d82a779fd6e641b33a1a9d1be7f01,
        type: 3}
      propertyPath: m_Size.z
      value: 0.01
      objectReference: {fileID: 0}
    - target: {fileID: 6845656070602640276, guid: 704d82a779fd6e641b33a1a9d1be7f01,
        type: 3}
      propertyPath: m_Size.z
      value: 0.01
      objectReference: {fileID: 0}
    - target: {fileID: 6845656070605836264, guid: 704d82a779fd6e641b33a1a9d1be7f01,
        type: 3}
      propertyPath: m_Size.z
      value: 0.01
      objectReference: {fileID: 0}
    - target: {fileID: 6845656070612385916, guid: 704d82a779fd6e641b33a1a9d1be7f01,
        type: 3}
      propertyPath: m_Size.z
      value: 0.01
      objectReference: {fileID: 0}
    - target: {fileID: 6845656070615068784, guid: 704d82a779fd6e641b33a1a9d1be7f01,
        type: 3}
      propertyPath: m_Size.z
      value: 0.01
      objectReference: {fileID: 0}
    - target: {fileID: 6845656070615566512, guid: 704d82a779fd6e641b33a1a9d1be7f01,
        type: 3}
      propertyPath: m_Size.z
      value: 0.01
      objectReference: {fileID: 0}
    - target: {fileID: 6845656070618581225, guid: 704d82a779fd6e641b33a1a9d1be7f01,
        type: 3}
      propertyPath: m_Size.z
      value: 0.01
      objectReference: {fileID: 0}
    - target: {fileID: 6845656070626944876, guid: 704d82a779fd6e641b33a1a9d1be7f01,
        type: 3}
      propertyPath: m_Size.z
      value: 0.01
      objectReference: {fileID: 0}
    - target: {fileID: 6845656070637739572, guid: 704d82a779fd6e641b33a1a9d1be7f01,
        type: 3}
      propertyPath: m_Size.z
      value: 0.01
      objectReference: {fileID: 0}
    - target: {fileID: 6845656070644016921, guid: 704d82a779fd6e641b33a1a9d1be7f01,
        type: 3}
      propertyPath: m_Size.z
      value: 0.01
      objectReference: {fileID: 0}
    - target: {fileID: 6845656070659003932, guid: 704d82a779fd6e641b33a1a9d1be7f01,
        type: 3}
      propertyPath: m_Size.z
      value: 0.01
      objectReference: {fileID: 0}
    - target: {fileID: 6845656070659086452, guid: 704d82a779fd6e641b33a1a9d1be7f01,
        type: 3}
      propertyPath: m_Size.z
      value: 0.01
      objectReference: {fileID: 0}
    - target: {fileID: 6845656070664948256, guid: 704d82a779fd6e641b33a1a9d1be7f01,
        type: 3}
      propertyPath: m_Size.z
      value: 0.01
      objectReference: {fileID: 0}
    - target: {fileID: 6845656070671790956, guid: 704d82a779fd6e641b33a1a9d1be7f01,
        type: 3}
      propertyPath: m_Size.z
      value: 0.01
      objectReference: {fileID: 0}
    - target: {fileID: 6845656070684403772, guid: 704d82a779fd6e641b33a1a9d1be7f01,
        type: 3}
      propertyPath: m_Size.z
      value: 0.01
      objectReference: {fileID: 0}
    - target: {fileID: 6845656070704387384, guid: 704d82a779fd6e641b33a1a9d1be7f01,
        type: 3}
      propertyPath: m_Size.z
      value: 0.01
      objectReference: {fileID: 0}
    - target: {fileID: 6845656070705989884, guid: 704d82a779fd6e641b33a1a9d1be7f01,
        type: 3}
      propertyPath: m_Size.z
      value: 0.01
      objectReference: {fileID: 0}
    - target: {fileID: 6845656070711479012, guid: 704d82a779fd6e641b33a1a9d1be7f01,
        type: 3}
      propertyPath: m_Size.z
      value: 0.01
      objectReference: {fileID: 0}
    - target: {fileID: 6845656070711696536, guid: 704d82a779fd6e641b33a1a9d1be7f01,
        type: 3}
      propertyPath: m_Size.z
      value: 0.01
      objectReference: {fileID: 0}
    - target: {fileID: 6845656070712711596, guid: 704d82a779fd6e641b33a1a9d1be7f01,
        type: 3}
      propertyPath: m_Size.z
      value: 0.01
      objectReference: {fileID: 0}
    - target: {fileID: 6845656070714798544, guid: 704d82a779fd6e641b33a1a9d1be7f01,
        type: 3}
      propertyPath: m_Size.z
      value: 0.01
      objectReference: {fileID: 0}
    - target: {fileID: 6845656070721293852, guid: 704d82a779fd6e641b33a1a9d1be7f01,
        type: 3}
      propertyPath: m_Size.z
      value: 0.01
      objectReference: {fileID: 0}
    - target: {fileID: 6845656070725330308, guid: 704d82a779fd6e641b33a1a9d1be7f01,
        type: 3}
      propertyPath: m_Size.z
      value: 0.01
      objectReference: {fileID: 0}
    - target: {fileID: 6845656070729717104, guid: 704d82a779fd6e641b33a1a9d1be7f01,
        type: 3}
      propertyPath: m_Size.z
      value: 0.01
      objectReference: {fileID: 0}
    - target: {fileID: 6845656070734802064, guid: 704d82a779fd6e641b33a1a9d1be7f01,
        type: 3}
      propertyPath: m_Size.z
      value: 0.01
      objectReference: {fileID: 0}
    - target: {fileID: 6845656070735442396, guid: 704d82a779fd6e641b33a1a9d1be7f01,
        type: 3}
      propertyPath: m_Size.z
      value: 0.01
      objectReference: {fileID: 0}
    - target: {fileID: 6845656070739696428, guid: 704d82a779fd6e641b33a1a9d1be7f01,
        type: 3}
      propertyPath: m_Size.z
      value: 0.01
      objectReference: {fileID: 0}
    - target: {fileID: 6845656070742888616, guid: 704d82a779fd6e641b33a1a9d1be7f01,
        type: 3}
      propertyPath: m_Size.z
      value: 0.01
      objectReference: {fileID: 0}
    - target: {fileID: 6845656070753200688, guid: 704d82a779fd6e641b33a1a9d1be7f01,
        type: 3}
      propertyPath: m_Size.z
      value: 0.01
      objectReference: {fileID: 0}
    - target: {fileID: 6845656070763960240, guid: 704d82a779fd6e641b33a1a9d1be7f01,
        type: 3}
      propertyPath: m_Size.z
      value: 0.01
      objectReference: {fileID: 0}
    - target: {fileID: 6845656070767409808, guid: 704d82a779fd6e641b33a1a9d1be7f01,
        type: 3}
      propertyPath: m_Size.z
      value: 0.01
      objectReference: {fileID: 0}
    - target: {fileID: 6845656070769181096, guid: 704d82a779fd6e641b33a1a9d1be7f01,
        type: 3}
      propertyPath: m_Size.z
      value: 0.01
      objectReference: {fileID: 0}
    - target: {fileID: 6845656070774318761, guid: 704d82a779fd6e641b33a1a9d1be7f01,
        type: 3}
      propertyPath: m_Size.z
      value: 0.01
      objectReference: {fileID: 0}
    - target: {fileID: 6845656070780138872, guid: 704d82a779fd6e641b33a1a9d1be7f01,
        type: 3}
      propertyPath: m_Size.z
      value: 0.01
      objectReference: {fileID: 0}
    - target: {fileID: 6845656070787460400, guid: 704d82a779fd6e641b33a1a9d1be7f01,
        type: 3}
      propertyPath: m_Size.z
      value: 0.01
      objectReference: {fileID: 0}
    - target: {fileID: 6845656070796690536, guid: 704d82a779fd6e641b33a1a9d1be7f01,
        type: 3}
      propertyPath: m_Size.z
      value: 0.01
      objectReference: {fileID: 0}
    - target: {fileID: 6845656070798980304, guid: 704d82a779fd6e641b33a1a9d1be7f01,
        type: 3}
      propertyPath: m_Size.z
      value: 0.01
      objectReference: {fileID: 0}
    - target: {fileID: 6845656070802059624, guid: 704d82a779fd6e641b33a1a9d1be7f01,
        type: 3}
      propertyPath: m_Size.z
      value: 0.01
      objectReference: {fileID: 0}
    - target: {fileID: 6845656070805067104, guid: 704d82a779fd6e641b33a1a9d1be7f01,
        type: 3}
      propertyPath: m_Size.z
      value: 0.01
      objectReference: {fileID: 0}
    - target: {fileID: 6845656070806030564, guid: 704d82a779fd6e641b33a1a9d1be7f01,
        type: 3}
      propertyPath: m_Size.z
      value: 0.01
      objectReference: {fileID: 0}
    - target: {fileID: 6845656070812302924, guid: 704d82a779fd6e641b33a1a9d1be7f01,
        type: 3}
      propertyPath: m_Size.z
      value: 0.01
      objectReference: {fileID: 0}
    - target: {fileID: 6845656070819995208, guid: 704d82a779fd6e641b33a1a9d1be7f01,
        type: 3}
      propertyPath: m_Size.z
      value: 0.01
      objectReference: {fileID: 0}
    - target: {fileID: 6845656070825797808, guid: 704d82a779fd6e641b33a1a9d1be7f01,
        type: 3}
      propertyPath: m_Size.z
      value: 0.01
      objectReference: {fileID: 0}
    - target: {fileID: 6845656070866743452, guid: 704d82a779fd6e641b33a1a9d1be7f01,
        type: 3}
      propertyPath: m_Size.z
      value: 0.01
      objectReference: {fileID: 0}
    - target: {fileID: 6845656070870945236, guid: 704d82a779fd6e641b33a1a9d1be7f01,
        type: 3}
      propertyPath: m_Size.z
      value: 0.01
      objectReference: {fileID: 0}
    - target: {fileID: 6845656070887604857, guid: 704d82a779fd6e641b33a1a9d1be7f01,
        type: 3}
      propertyPath: m_Size.z
      value: 0.01
      objectReference: {fileID: 0}
    - target: {fileID: 6845656070898030900, guid: 704d82a779fd6e641b33a1a9d1be7f01,
        type: 3}
      propertyPath: m_Size.z
      value: 0.01
      objectReference: {fileID: 0}
    - target: {fileID: 6845656070903649852, guid: 704d82a779fd6e641b33a1a9d1be7f01,
        type: 3}
      propertyPath: m_Size.z
      value: 0.01
      objectReference: {fileID: 0}
    - target: {fileID: 6845656070909853420, guid: 704d82a779fd6e641b33a1a9d1be7f01,
        type: 3}
      propertyPath: m_Size.z
      value: 0.01
      objectReference: {fileID: 0}
    - target: {fileID: 6845656070917517616, guid: 704d82a779fd6e641b33a1a9d1be7f01,
        type: 3}
      propertyPath: m_Size.z
      value: 0.01
      objectReference: {fileID: 0}
    - target: {fileID: 6845656070925484596, guid: 704d82a779fd6e641b33a1a9d1be7f01,
        type: 3}
      propertyPath: m_Size.z
      value: 0.01
      objectReference: {fileID: 0}
    - target: {fileID: 6845656070926718088, guid: 704d82a779fd6e641b33a1a9d1be7f01,
        type: 3}
      propertyPath: m_Size.z
      value: 0.01
      objectReference: {fileID: 0}
    - target: {fileID: 6845656070931424528, guid: 704d82a779fd6e641b33a1a9d1be7f01,
        type: 3}
      propertyPath: m_Size.z
      value: 0.01
      objectReference: {fileID: 0}
    - target: {fileID: 6845656070934204604, guid: 704d82a779fd6e641b33a1a9d1be7f01,
        type: 3}
      propertyPath: m_Size.z
      value: 0.01
      objectReference: {fileID: 0}
    - target: {fileID: 6845656070936732568, guid: 704d82a779fd6e641b33a1a9d1be7f01,
        type: 3}
      propertyPath: m_Size.z
      value: 0.01
      objectReference: {fileID: 0}
    - target: {fileID: 6845656070939755204, guid: 704d82a779fd6e641b33a1a9d1be7f01,
        type: 3}
      propertyPath: m_Size.z
      value: 0.01
      objectReference: {fileID: 0}
    - target: {fileID: 6845656070945128372, guid: 704d82a779fd6e641b33a1a9d1be7f01,
        type: 3}
      propertyPath: m_Size.z
      value: 0.01
      objectReference: {fileID: 0}
    - target: {fileID: 6845656070960715572, guid: 704d82a779fd6e641b33a1a9d1be7f01,
        type: 3}
      propertyPath: m_Size.z
      value: 0.01
      objectReference: {fileID: 0}
    - target: {fileID: 6845656070964917044, guid: 704d82a779fd6e641b33a1a9d1be7f01,
        type: 3}
      propertyPath: m_Size.z
      value: 0.01
      objectReference: {fileID: 0}
    - target: {fileID: 6845656070970039436, guid: 704d82a779fd6e641b33a1a9d1be7f01,
        type: 3}
      propertyPath: m_Size.z
      value: 0.01
      objectReference: {fileID: 0}
    - target: {fileID: 6845656070973670212, guid: 704d82a779fd6e641b33a1a9d1be7f01,
        type: 3}
      propertyPath: m_Size.z
      value: 0.01
      objectReference: {fileID: 0}
    - target: {fileID: 6845656070977973852, guid: 704d82a779fd6e641b33a1a9d1be7f01,
        type: 3}
      propertyPath: m_Size.z
      value: 0.01
      objectReference: {fileID: 0}
    - target: {fileID: 6845656071010672460, guid: 704d82a779fd6e641b33a1a9d1be7f01,
        type: 3}
      propertyPath: m_Size.z
      value: 0.01
      objectReference: {fileID: 0}
    - target: {fileID: 6845656071020359084, guid: 704d82a779fd6e641b33a1a9d1be7f01,
        type: 3}
      propertyPath: m_Size.z
      value: 0.01
      objectReference: {fileID: 0}
    - target: {fileID: 6845656071022540324, guid: 704d82a779fd6e641b33a1a9d1be7f01,
        type: 3}
      propertyPath: m_Size.z
      value: 0.01
      objectReference: {fileID: 0}
    - target: {fileID: 6845656071054140777, guid: 704d82a779fd6e641b33a1a9d1be7f01,
        type: 3}
      propertyPath: m_Size.z
      value: 0.01
      objectReference: {fileID: 0}
    - target: {fileID: 6845656071060972729, guid: 704d82a779fd6e641b33a1a9d1be7f01,
        type: 3}
      propertyPath: m_Size.z
      value: 0.01
      objectReference: {fileID: 0}
    - target: {fileID: 6845656071090320312, guid: 704d82a779fd6e641b33a1a9d1be7f01,
        type: 3}
      propertyPath: m_Size.z
      value: 0.01
      objectReference: {fileID: 0}
    - target: {fileID: 6845656071097365700, guid: 704d82a779fd6e641b33a1a9d1be7f01,
        type: 3}
      propertyPath: m_Size.z
      value: 0.01
      objectReference: {fileID: 0}
    - target: {fileID: 6845656071104302540, guid: 704d82a779fd6e641b33a1a9d1be7f01,
        type: 3}
      propertyPath: m_Size.z
      value: 0.01
      objectReference: {fileID: 0}
    - target: {fileID: 6845656071110063948, guid: 704d82a779fd6e641b33a1a9d1be7f01,
        type: 3}
      propertyPath: m_Size.z
      value: 0.01
      objectReference: {fileID: 0}
    - target: {fileID: 6845656071110337836, guid: 704d82a779fd6e641b33a1a9d1be7f01,
        type: 3}
      propertyPath: m_Size.z
      value: 0.01
      objectReference: {fileID: 0}
    - target: {fileID: 6845656071118363508, guid: 704d82a779fd6e641b33a1a9d1be7f01,
        type: 3}
      propertyPath: m_Size.z
      value: 0.01
      objectReference: {fileID: 0}
    - target: {fileID: 6845656071120957676, guid: 704d82a779fd6e641b33a1a9d1be7f01,
        type: 3}
      propertyPath: m_Size.z
      value: 0.01
      objectReference: {fileID: 0}
    - target: {fileID: 6845656071122254904, guid: 704d82a779fd6e641b33a1a9d1be7f01,
        type: 3}
      propertyPath: m_Size.z
      value: 0.01
      objectReference: {fileID: 0}
    - target: {fileID: 6845656071122451704, guid: 704d82a779fd6e641b33a1a9d1be7f01,
        type: 3}
      propertyPath: m_Size.z
      value: 0.01
      objectReference: {fileID: 0}
    - target: {fileID: 6845656071122809468, guid: 704d82a779fd6e641b33a1a9d1be7f01,
        type: 3}
      propertyPath: m_Size.z
      value: 0.01
      objectReference: {fileID: 0}
    - target: {fileID: 6845656071124914288, guid: 704d82a779fd6e641b33a1a9d1be7f01,
        type: 3}
      propertyPath: m_Size.z
      value: 0.01
      objectReference: {fileID: 0}
    - target: {fileID: 6845656071142721428, guid: 704d82a779fd6e641b33a1a9d1be7f01,
        type: 3}
      propertyPath: m_Size.z
      value: 0.01
      objectReference: {fileID: 0}
    - target: {fileID: 6845656071148215648, guid: 704d82a779fd6e641b33a1a9d1be7f01,
        type: 3}
      propertyPath: m_Size.z
      value: 0.01
      objectReference: {fileID: 0}
    - target: {fileID: 6845656071151819684, guid: 704d82a779fd6e641b33a1a9d1be7f01,
        type: 3}
      propertyPath: m_Size.z
      value: 0.01
      objectReference: {fileID: 0}
    - target: {fileID: 6845656071157705652, guid: 704d82a779fd6e641b33a1a9d1be7f01,
        type: 3}
      propertyPath: m_Size.z
      value: 0.01
      objectReference: {fileID: 0}
    - target: {fileID: 6845656071162394528, guid: 704d82a779fd6e641b33a1a9d1be7f01,
        type: 3}
      propertyPath: m_Size.z
      value: 0.01
      objectReference: {fileID: 0}
    - target: {fileID: 6845656071164573676, guid: 704d82a779fd6e641b33a1a9d1be7f01,
        type: 3}
      propertyPath: m_Size.z
      value: 0.01
      objectReference: {fileID: 0}
    - target: {fileID: 6845656071177138388, guid: 704d82a779fd6e641b33a1a9d1be7f01,
        type: 3}
      propertyPath: m_Size.z
      value: 0.01
      objectReference: {fileID: 0}
    - target: {fileID: 6845656071178192012, guid: 704d82a779fd6e641b33a1a9d1be7f01,
        type: 3}
      propertyPath: m_Size.z
      value: 0.01
      objectReference: {fileID: 0}
    - target: {fileID: 6845656071186306352, guid: 704d82a779fd6e641b33a1a9d1be7f01,
        type: 3}
      propertyPath: m_Size.z
      value: 0.01
      objectReference: {fileID: 0}
    - target: {fileID: 6845656071190744716, guid: 704d82a779fd6e641b33a1a9d1be7f01,
        type: 3}
      propertyPath: m_Size.z
      value: 0.01
      objectReference: {fileID: 0}
    - target: {fileID: 6845656071191275596, guid: 704d82a779fd6e641b33a1a9d1be7f01,
        type: 3}
      propertyPath: m_Size.z
      value: 0.01
      objectReference: {fileID: 0}
    - target: {fileID: 6845656071192926204, guid: 704d82a779fd6e641b33a1a9d1be7f01,
        type: 3}
      propertyPath: m_Size.z
      value: 0.01
      objectReference: {fileID: 0}
    - target: {fileID: 6845656071199316284, guid: 704d82a779fd6e641b33a1a9d1be7f01,
        type: 3}
      propertyPath: m_Size.z
      value: 0.01
      objectReference: {fileID: 0}
    - target: {fileID: 6845656071201843888, guid: 704d82a779fd6e641b33a1a9d1be7f01,
        type: 3}
      propertyPath: m_Size.z
      value: 0.01
      objectReference: {fileID: 0}
    - target: {fileID: 6845656071210426336, guid: 704d82a779fd6e641b33a1a9d1be7f01,
        type: 3}
      propertyPath: m_Size.z
      value: 0.01
      objectReference: {fileID: 0}
    - target: {fileID: 6845656071211249369, guid: 704d82a779fd6e641b33a1a9d1be7f01,
        type: 3}
      propertyPath: m_Size.z
      value: 0.01
      objectReference: {fileID: 0}
    - target: {fileID: 6845656071238451716, guid: 704d82a779fd6e641b33a1a9d1be7f01,
        type: 3}
      propertyPath: m_Size.z
      value: 0.01
      objectReference: {fileID: 0}
    - target: {fileID: 6845656071246964896, guid: 704d82a779fd6e641b33a1a9d1be7f01,
        type: 3}
      propertyPath: m_Size.z
      value: 0.01
      objectReference: {fileID: 0}
    - target: {fileID: 6845656071269327292, guid: 704d82a779fd6e641b33a1a9d1be7f01,
        type: 3}
      propertyPath: m_Size.z
      value: 0.01
      objectReference: {fileID: 0}
    - target: {fileID: 6845656071271981584, guid: 704d82a779fd6e641b33a1a9d1be7f01,
        type: 3}
      propertyPath: m_Size.z
      value: 0.01
      objectReference: {fileID: 0}
    - target: {fileID: 6845656071272658012, guid: 704d82a779fd6e641b33a1a9d1be7f01,
        type: 3}
      propertyPath: m_Size.z
      value: 0.01
      objectReference: {fileID: 0}
    - target: {fileID: 6845656071283169944, guid: 704d82a779fd6e641b33a1a9d1be7f01,
        type: 3}
      propertyPath: m_Size.z
      value: 0.01
      objectReference: {fileID: 0}
    - target: {fileID: 6845656071306637417, guid: 704d82a779fd6e641b33a1a9d1be7f01,
        type: 3}
      propertyPath: m_Size.z
      value: 0.01
      objectReference: {fileID: 0}
    - target: {fileID: 6845656071306707688, guid: 704d82a779fd6e641b33a1a9d1be7f01,
        type: 3}
      propertyPath: m_Size.z
      value: 0.01
      objectReference: {fileID: 0}
    - target: {fileID: 6845656071310414681, guid: 704d82a779fd6e641b33a1a9d1be7f01,
        type: 3}
      propertyPath: m_Size.z
      value: 0.01
      objectReference: {fileID: 0}
    - target: {fileID: 6845656071313670640, guid: 704d82a779fd6e641b33a1a9d1be7f01,
        type: 3}
      propertyPath: m_Size.z
      value: 0.01
      objectReference: {fileID: 0}
    - target: {fileID: 6845656071322552016, guid: 704d82a779fd6e641b33a1a9d1be7f01,
        type: 3}
      propertyPath: m_Size.z
      value: 0.01
      objectReference: {fileID: 0}
    - target: {fileID: 6845656071326054892, guid: 704d82a779fd6e641b33a1a9d1be7f01,
        type: 3}
      propertyPath: m_Size.z
      value: 0.01
      objectReference: {fileID: 0}
    - target: {fileID: 6845656071331401652, guid: 704d82a779fd6e641b33a1a9d1be7f01,
        type: 3}
      propertyPath: m_Size.z
      value: 0.01
      objectReference: {fileID: 0}
    - target: {fileID: 6845656071338406656, guid: 704d82a779fd6e641b33a1a9d1be7f01,
        type: 3}
      propertyPath: m_Size.z
      value: 0.01
      objectReference: {fileID: 0}
    - target: {fileID: 6845656071343923256, guid: 704d82a779fd6e641b33a1a9d1be7f01,
        type: 3}
      propertyPath: m_Size.z
      value: 0.01
      objectReference: {fileID: 0}
    - target: {fileID: 6845656071344080896, guid: 704d82a779fd6e641b33a1a9d1be7f01,
        type: 3}
      propertyPath: m_Size.z
      value: 0.01
      objectReference: {fileID: 0}
    - target: {fileID: 6845656071361713836, guid: 704d82a779fd6e641b33a1a9d1be7f01,
        type: 3}
      propertyPath: m_Size.z
      value: 0.01
      objectReference: {fileID: 0}
    - target: {fileID: 6845656071364397184, guid: 704d82a779fd6e641b33a1a9d1be7f01,
        type: 3}
      propertyPath: m_Size.z
      value: 0.01
      objectReference: {fileID: 0}
    - target: {fileID: 6845656071364671716, guid: 704d82a779fd6e641b33a1a9d1be7f01,
        type: 3}
      propertyPath: m_Size.z
      value: 0.01
      objectReference: {fileID: 0}
    - target: {fileID: 6845656071366955348, guid: 704d82a779fd6e641b33a1a9d1be7f01,
        type: 3}
      propertyPath: m_Size.z
      value: 0.01
      objectReference: {fileID: 0}
    - target: {fileID: 6845656071381712640, guid: 704d82a779fd6e641b33a1a9d1be7f01,
        type: 3}
      propertyPath: m_Size.z
      value: 0.01
      objectReference: {fileID: 0}
    - target: {fileID: 6845656071385666212, guid: 704d82a779fd6e641b33a1a9d1be7f01,
        type: 3}
      propertyPath: m_Size.z
      value: 0.01
      objectReference: {fileID: 0}
    - target: {fileID: 6845656071387674944, guid: 704d82a779fd6e641b33a1a9d1be7f01,
        type: 3}
      propertyPath: m_Size.z
      value: 0.01
      objectReference: {fileID: 0}
    - target: {fileID: 6845656071397879988, guid: 704d82a779fd6e641b33a1a9d1be7f01,
        type: 3}
      propertyPath: m_Size.z
      value: 0.01
      objectReference: {fileID: 0}
    - target: {fileID: 6845656071405213368, guid: 704d82a779fd6e641b33a1a9d1be7f01,
        type: 3}
      propertyPath: m_Size.z
      value: 0.01
      objectReference: {fileID: 0}
    - target: {fileID: 6845656071406429284, guid: 704d82a779fd6e641b33a1a9d1be7f01,
        type: 3}
      propertyPath: m_Size.z
      value: 0.01
      objectReference: {fileID: 0}
    - target: {fileID: 6845656071414322424, guid: 704d82a779fd6e641b33a1a9d1be7f01,
        type: 3}
      propertyPath: m_Size.z
      value: 0.01
      objectReference: {fileID: 0}
    - target: {fileID: 6845656071420665904, guid: 704d82a779fd6e641b33a1a9d1be7f01,
        type: 3}
      propertyPath: m_Size.z
      value: 0.01
      objectReference: {fileID: 0}
    - target: {fileID: 6845656071423280620, guid: 704d82a779fd6e641b33a1a9d1be7f01,
        type: 3}
      propertyPath: m_Size.z
      value: 0.01
      objectReference: {fileID: 0}
    - target: {fileID: 6845656071424601116, guid: 704d82a779fd6e641b33a1a9d1be7f01,
        type: 3}
      propertyPath: m_Size.z
      value: 0.01
      objectReference: {fileID: 0}
    - target: {fileID: 6845656071427401348, guid: 704d82a779fd6e641b33a1a9d1be7f01,
        type: 3}
      propertyPath: m_Size.z
      value: 0.01
      objectReference: {fileID: 0}
    - target: {fileID: 6845656071430023209, guid: 704d82a779fd6e641b33a1a9d1be7f01,
        type: 3}
      propertyPath: m_Size.z
      value: 0.01
      objectReference: {fileID: 0}
    - target: {fileID: 6845656071432873832, guid: 704d82a779fd6e641b33a1a9d1be7f01,
        type: 3}
      propertyPath: m_Size.z
      value: 0.01
      objectReference: {fileID: 0}
    - target: {fileID: 6845656071434370985, guid: 704d82a779fd6e641b33a1a9d1be7f01,
        type: 3}
      propertyPath: m_Size.z
      value: 0.01
      objectReference: {fileID: 0}
    - target: {fileID: 6845656071440678396, guid: 704d82a779fd6e641b33a1a9d1be7f01,
        type: 3}
      propertyPath: m_Size.z
      value: 0.01
      objectReference: {fileID: 0}
    - target: {fileID: 6845656071443630400, guid: 704d82a779fd6e641b33a1a9d1be7f01,
        type: 3}
      propertyPath: m_Size.z
      value: 0.01
      objectReference: {fileID: 0}
    - target: {fileID: 6845656071451551712, guid: 704d82a779fd6e641b33a1a9d1be7f01,
        type: 3}
      propertyPath: m_Size.z
      value: 0.01
      objectReference: {fileID: 0}
    - target: {fileID: 6845656071453055504, guid: 704d82a779fd6e641b33a1a9d1be7f01,
        type: 3}
      propertyPath: m_Size.z
      value: 0.01
      objectReference: {fileID: 0}
    - target: {fileID: 6845656071461714612, guid: 704d82a779fd6e641b33a1a9d1be7f01,
        type: 3}
      propertyPath: m_Size.z
      value: 0.01
      objectReference: {fileID: 0}
    - target: {fileID: 6845656071466217129, guid: 704d82a779fd6e641b33a1a9d1be7f01,
        type: 3}
      propertyPath: m_Size.z
      value: 0.01
      objectReference: {fileID: 0}
    - target: {fileID: 6845656071476858588, guid: 704d82a779fd6e641b33a1a9d1be7f01,
        type: 3}
      propertyPath: m_Size.z
      value: 0.01
      objectReference: {fileID: 0}
    - target: {fileID: 6845656071477366697, guid: 704d82a779fd6e641b33a1a9d1be7f01,
        type: 3}
      propertyPath: m_Size.z
      value: 0.01
      objectReference: {fileID: 0}
    - target: {fileID: 6845656071482014553, guid: 704d82a779fd6e641b33a1a9d1be7f01,
        type: 3}
      propertyPath: m_Size.z
      value: 0.01
      objectReference: {fileID: 0}
    - target: {fileID: 6845656071486713744, guid: 704d82a779fd6e641b33a1a9d1be7f01,
        type: 3}
      propertyPath: m_Size.z
      value: 0.01
      objectReference: {fileID: 0}
    - target: {fileID: 6845656071495774328, guid: 704d82a779fd6e641b33a1a9d1be7f01,
        type: 3}
      propertyPath: m_Size.z
      value: 0.01
      objectReference: {fileID: 0}
    - target: {fileID: 6845656071497497336, guid: 704d82a779fd6e641b33a1a9d1be7f01,
        type: 3}
      propertyPath: m_Size.z
      value: 0.01
      objectReference: {fileID: 0}
    - target: {fileID: 6845656071504206664, guid: 704d82a779fd6e641b33a1a9d1be7f01,
        type: 3}
      propertyPath: m_Size.z
      value: 0.01
      objectReference: {fileID: 0}
    - target: {fileID: 6845656071506463372, guid: 704d82a779fd6e641b33a1a9d1be7f01,
        type: 3}
      propertyPath: m_Size.z
      value: 0.01
      objectReference: {fileID: 0}
    - target: {fileID: 6845656071518564140, guid: 704d82a779fd6e641b33a1a9d1be7f01,
        type: 3}
      propertyPath: m_Size.z
      value: 0.01
      objectReference: {fileID: 0}
    - target: {fileID: 6845656071524808176, guid: 704d82a779fd6e641b33a1a9d1be7f01,
        type: 3}
      propertyPath: m_Size.z
      value: 0.01
      objectReference: {fileID: 0}
    - target: {fileID: 6845656071525747504, guid: 704d82a779fd6e641b33a1a9d1be7f01,
        type: 3}
      propertyPath: m_Size.z
      value: 0.01
      objectReference: {fileID: 0}
    - target: {fileID: 6845656071534411401, guid: 704d82a779fd6e641b33a1a9d1be7f01,
        type: 3}
      propertyPath: m_Size.z
      value: 0.01
      objectReference: {fileID: 0}
    - target: {fileID: 6845656071535508140, guid: 704d82a779fd6e641b33a1a9d1be7f01,
        type: 3}
      propertyPath: m_Size.z
      value: 0.01
      objectReference: {fileID: 0}
    - target: {fileID: 6845656071535871156, guid: 704d82a779fd6e641b33a1a9d1be7f01,
        type: 3}
      propertyPath: m_Size.z
      value: 0.01
      objectReference: {fileID: 0}
    - target: {fileID: 6845656071542720169, guid: 704d82a779fd6e641b33a1a9d1be7f01,
        type: 3}
      propertyPath: m_Size.z
      value: 0.01
      objectReference: {fileID: 0}
    - target: {fileID: 6845656071543635672, guid: 704d82a779fd6e641b33a1a9d1be7f01,
        type: 3}
      propertyPath: m_Size.z
      value: 0.01
      objectReference: {fileID: 0}
    - target: {fileID: 6845656071544183348, guid: 704d82a779fd6e641b33a1a9d1be7f01,
        type: 3}
      propertyPath: m_Size.z
      value: 0.01
      objectReference: {fileID: 0}
    - target: {fileID: 6845656071547082548, guid: 704d82a779fd6e641b33a1a9d1be7f01,
        type: 3}
      propertyPath: m_Size.z
      value: 0.01
      objectReference: {fileID: 0}
    - target: {fileID: 6845656071549851164, guid: 704d82a779fd6e641b33a1a9d1be7f01,
        type: 3}
      propertyPath: m_Size.z
      value: 0.01
      objectReference: {fileID: 0}
    - target: {fileID: 6845656071550828724, guid: 704d82a779fd6e641b33a1a9d1be7f01,
        type: 3}
      propertyPath: m_Size.z
      value: 0.01
      objectReference: {fileID: 0}
    - target: {fileID: 6845656071551519208, guid: 704d82a779fd6e641b33a1a9d1be7f01,
        type: 3}
      propertyPath: m_Size.z
      value: 0.01
      objectReference: {fileID: 0}
    - target: {fileID: 6845656071561181572, guid: 704d82a779fd6e641b33a1a9d1be7f01,
        type: 3}
      propertyPath: m_Size.z
      value: 0.01
      objectReference: {fileID: 0}
    - target: {fileID: 6845656071562007748, guid: 704d82a779fd6e641b33a1a9d1be7f01,
        type: 3}
      propertyPath: m_Size.z
      value: 0.01
      objectReference: {fileID: 0}
    - target: {fileID: 6845656071563465192, guid: 704d82a779fd6e641b33a1a9d1be7f01,
        type: 3}
      propertyPath: m_Size.z
      value: 0.01
      objectReference: {fileID: 0}
    - target: {fileID: 6845656071574500236, guid: 704d82a779fd6e641b33a1a9d1be7f01,
        type: 3}
      propertyPath: m_Size.z
      value: 0.01
      objectReference: {fileID: 0}
    - target: {fileID: 6845656071576644196, guid: 704d82a779fd6e641b33a1a9d1be7f01,
        type: 3}
      propertyPath: m_Size.z
      value: 0.01
      objectReference: {fileID: 0}
    - target: {fileID: 6845656071597136164, guid: 704d82a779fd6e641b33a1a9d1be7f01,
        type: 3}
      propertyPath: m_Size.z
      value: 0.01
      objectReference: {fileID: 0}
    - target: {fileID: 6845656071599235652, guid: 704d82a779fd6e641b33a1a9d1be7f01,
        type: 3}
      propertyPath: m_Size.z
      value: 0.01
      objectReference: {fileID: 0}
    - target: {fileID: 6845656071600877516, guid: 704d82a779fd6e641b33a1a9d1be7f01,
        type: 3}
      propertyPath: m_Size.z
      value: 0.01
      objectReference: {fileID: 0}
    - target: {fileID: 6845656071602720768, guid: 704d82a779fd6e641b33a1a9d1be7f01,
        type: 3}
      propertyPath: m_Size.z
      value: 0.01
      objectReference: {fileID: 0}
    - target: {fileID: 6845656071603986952, guid: 704d82a779fd6e641b33a1a9d1be7f01,
        type: 3}
      propertyPath: m_Size.z
      value: 0.01
      objectReference: {fileID: 0}
    - target: {fileID: 6845656071615257712, guid: 704d82a779fd6e641b33a1a9d1be7f01,
        type: 3}
      propertyPath: m_Size.z
      value: 0.01
      objectReference: {fileID: 0}
    - target: {fileID: 6845656071643770524, guid: 704d82a779fd6e641b33a1a9d1be7f01,
        type: 3}
      propertyPath: m_Size.z
      value: 0.01
      objectReference: {fileID: 0}
    - target: {fileID: 6845656071644815080, guid: 704d82a779fd6e641b33a1a9d1be7f01,
        type: 3}
      propertyPath: m_Size.z
      value: 0.01
      objectReference: {fileID: 0}
    - target: {fileID: 6845656071649073152, guid: 704d82a779fd6e641b33a1a9d1be7f01,
        type: 3}
      propertyPath: m_Size.z
      value: 0.01
      objectReference: {fileID: 0}
    - target: {fileID: 6845656071666587417, guid: 704d82a779fd6e641b33a1a9d1be7f01,
        type: 3}
      propertyPath: m_Size.z
      value: 0.01
      objectReference: {fileID: 0}
    - target: {fileID: 6845656071679799492, guid: 704d82a779fd6e641b33a1a9d1be7f01,
        type: 3}
      propertyPath: m_Size.z
      value: 0.01
      objectReference: {fileID: 0}
    - target: {fileID: 6845656071682446440, guid: 704d82a779fd6e641b33a1a9d1be7f01,
        type: 3}
      propertyPath: m_Size.z
      value: 0.01
      objectReference: {fileID: 0}
    - target: {fileID: 6845656071689110900, guid: 704d82a779fd6e641b33a1a9d1be7f01,
        type: 3}
      propertyPath: m_Size.z
      value: 0.01
      objectReference: {fileID: 0}
    - target: {fileID: 6845656071692671600, guid: 704d82a779fd6e641b33a1a9d1be7f01,
        type: 3}
      propertyPath: m_Size.z
      value: 0.01
      objectReference: {fileID: 0}
    - target: {fileID: 6845656071699043744, guid: 704d82a779fd6e641b33a1a9d1be7f01,
        type: 3}
      propertyPath: m_Size.z
      value: 0.01
      objectReference: {fileID: 0}
    - target: {fileID: 6845656071700500380, guid: 704d82a779fd6e641b33a1a9d1be7f01,
        type: 3}
      propertyPath: m_Size.z
      value: 0.01
      objectReference: {fileID: 0}
    - target: {fileID: 6845656071703193692, guid: 704d82a779fd6e641b33a1a9d1be7f01,
        type: 3}
      propertyPath: m_Size.z
      value: 0.01
      objectReference: {fileID: 0}
    - target: {fileID: 6845656071706391864, guid: 704d82a779fd6e641b33a1a9d1be7f01,
        type: 3}
      propertyPath: m_Size.z
      value: 0.01
      objectReference: {fileID: 0}
    - target: {fileID: 6845656071707639576, guid: 704d82a779fd6e641b33a1a9d1be7f01,
        type: 3}
      propertyPath: m_Size.z
      value: 0.01
      objectReference: {fileID: 0}
    - target: {fileID: 6845656071737169248, guid: 704d82a779fd6e641b33a1a9d1be7f01,
        type: 3}
      propertyPath: m_Size.z
      value: 0.01
      objectReference: {fileID: 0}
    - target: {fileID: 6845656071742492064, guid: 704d82a779fd6e641b33a1a9d1be7f01,
        type: 3}
      propertyPath: m_Size.z
      value: 0.01
      objectReference: {fileID: 0}
    - target: {fileID: 6845656071743599404, guid: 704d82a779fd6e641b33a1a9d1be7f01,
        type: 3}
      propertyPath: m_Size.z
      value: 0.01
      objectReference: {fileID: 0}
    - target: {fileID: 6845656071744032772, guid: 704d82a779fd6e641b33a1a9d1be7f01,
        type: 3}
      propertyPath: m_Size.z
      value: 0.01
      objectReference: {fileID: 0}
    - target: {fileID: 6845656071771082736, guid: 704d82a779fd6e641b33a1a9d1be7f01,
        type: 3}
      propertyPath: m_Size.z
      value: 0.01
      objectReference: {fileID: 0}
    - target: {fileID: 6845656071771839660, guid: 704d82a779fd6e641b33a1a9d1be7f01,
        type: 3}
      propertyPath: m_Size.z
      value: 0.01
      objectReference: {fileID: 0}
    - target: {fileID: 6845656071783951792, guid: 704d82a779fd6e641b33a1a9d1be7f01,
        type: 3}
      propertyPath: m_Size.z
      value: 0.01
      objectReference: {fileID: 0}
    - target: {fileID: 6845656071784110068, guid: 704d82a779fd6e641b33a1a9d1be7f01,
        type: 3}
      propertyPath: m_Size.z
      value: 0.01
      objectReference: {fileID: 0}
    - target: {fileID: 6845656071786757840, guid: 704d82a779fd6e641b33a1a9d1be7f01,
        type: 3}
      propertyPath: m_Size.z
      value: 0.01
      objectReference: {fileID: 0}
    - target: {fileID: 6845656071789045772, guid: 704d82a779fd6e641b33a1a9d1be7f01,
        type: 3}
      propertyPath: m_Size.z
      value: 0.01
      objectReference: {fileID: 0}
    - target: {fileID: 6845656071789945248, guid: 704d82a779fd6e641b33a1a9d1be7f01,
        type: 3}
      propertyPath: m_Size.z
      value: 0.01
      objectReference: {fileID: 0}
    - target: {fileID: 6845656071802556988, guid: 704d82a779fd6e641b33a1a9d1be7f01,
        type: 3}
      propertyPath: m_Size.z
      value: 0.01
      objectReference: {fileID: 0}
    - target: {fileID: 6845656071816479636, guid: 704d82a779fd6e641b33a1a9d1be7f01,
        type: 3}
      propertyPath: m_Size.z
      value: 0.01
      objectReference: {fileID: 0}
    - target: {fileID: 6845656071819236620, guid: 704d82a779fd6e641b33a1a9d1be7f01,
        type: 3}
      propertyPath: m_Size.z
      value: 0.01
      objectReference: {fileID: 0}
    - target: {fileID: 6845656071829588132, guid: 704d82a779fd6e641b33a1a9d1be7f01,
        type: 3}
      propertyPath: m_Size.z
      value: 0.01
      objectReference: {fileID: 0}
    - target: {fileID: 6845656071835469520, guid: 704d82a779fd6e641b33a1a9d1be7f01,
        type: 3}
      propertyPath: m_Size.z
      value: 0.01
      objectReference: {fileID: 0}
    - target: {fileID: 6845656071838373016, guid: 704d82a779fd6e641b33a1a9d1be7f01,
        type: 3}
      propertyPath: m_Size.z
      value: 0.01
      objectReference: {fileID: 0}
    - target: {fileID: 6845656071843488044, guid: 704d82a779fd6e641b33a1a9d1be7f01,
        type: 3}
      propertyPath: m_Size.z
      value: 0.01
      objectReference: {fileID: 0}
    - target: {fileID: 6845656071846180384, guid: 704d82a779fd6e641b33a1a9d1be7f01,
        type: 3}
      propertyPath: m_Size.z
      value: 0.01
      objectReference: {fileID: 0}
    - target: {fileID: 6845656071878262916, guid: 704d82a779fd6e641b33a1a9d1be7f01,
        type: 3}
      propertyPath: m_Size.z
      value: 0.01
      objectReference: {fileID: 0}
    - target: {fileID: 6845656071880673708, guid: 704d82a779fd6e641b33a1a9d1be7f01,
        type: 3}
      propertyPath: m_Size.z
      value: 0.01
      objectReference: {fileID: 0}
    - target: {fileID: 6845656071883684200, guid: 704d82a779fd6e641b33a1a9d1be7f01,
        type: 3}
      propertyPath: m_Size.z
      value: 0.01
      objectReference: {fileID: 0}
    - target: {fileID: 6845656071908681048, guid: 704d82a779fd6e641b33a1a9d1be7f01,
        type: 3}
      propertyPath: m_Size.z
      value: 0.01
      objectReference: {fileID: 0}
    - target: {fileID: 6845656071908962580, guid: 704d82a779fd6e641b33a1a9d1be7f01,
        type: 3}
      propertyPath: m_Size.z
      value: 0.01
      objectReference: {fileID: 0}
    - target: {fileID: 6845656071915949284, guid: 704d82a779fd6e641b33a1a9d1be7f01,
        type: 3}
      propertyPath: m_Size.z
      value: 0.01
      objectReference: {fileID: 0}
    - target: {fileID: 6845656071916860204, guid: 704d82a779fd6e641b33a1a9d1be7f01,
        type: 3}
      propertyPath: m_Size.z
      value: 0.01
      objectReference: {fileID: 0}
    - target: {fileID: 6845656071927690500, guid: 704d82a779fd6e641b33a1a9d1be7f01,
        type: 3}
      propertyPath: m_Size.z
      value: 0.01
      objectReference: {fileID: 0}
    - target: {fileID: 6845656071929360416, guid: 704d82a779fd6e641b33a1a9d1be7f01,
        type: 3}
      propertyPath: m_Size.z
      value: 0.01
      objectReference: {fileID: 0}
    - target: {fileID: 6845656071931783120, guid: 704d82a779fd6e641b33a1a9d1be7f01,
        type: 3}
      propertyPath: m_Size.z
      value: 0.01
      objectReference: {fileID: 0}
    - target: {fileID: 6845656071934285604, guid: 704d82a779fd6e641b33a1a9d1be7f01,
        type: 3}
      propertyPath: m_Size.z
      value: 0.01
      objectReference: {fileID: 0}
    - target: {fileID: 6845656071937742505, guid: 704d82a779fd6e641b33a1a9d1be7f01,
        type: 3}
      propertyPath: m_Size.z
      value: 0.01
      objectReference: {fileID: 0}
    - target: {fileID: 6845656071939213704, guid: 704d82a779fd6e641b33a1a9d1be7f01,
        type: 3}
      propertyPath: m_Size.z
      value: 0.01
      objectReference: {fileID: 0}
    - target: {fileID: 6845656071941422656, guid: 704d82a779fd6e641b33a1a9d1be7f01,
        type: 3}
      propertyPath: m_Size.z
      value: 0.01
      objectReference: {fileID: 0}
    - target: {fileID: 6845656071941519732, guid: 704d82a779fd6e641b33a1a9d1be7f01,
        type: 3}
      propertyPath: m_Size.z
      value: 0.01
      objectReference: {fileID: 0}
    - target: {fileID: 6845656071948839700, guid: 704d82a779fd6e641b33a1a9d1be7f01,
        type: 3}
      propertyPath: m_Size.z
      value: 0.01
      objectReference: {fileID: 0}
    - target: {fileID: 6845656071949764668, guid: 704d82a779fd6e641b33a1a9d1be7f01,
        type: 3}
      propertyPath: m_Size.z
      value: 0.01
      objectReference: {fileID: 0}
    - target: {fileID: 6845656071951965092, guid: 704d82a779fd6e641b33a1a9d1be7f01,
        type: 3}
      propertyPath: m_Size.z
      value: 0.01
      objectReference: {fileID: 0}
    - target: {fileID: 6845656071956513840, guid: 704d82a779fd6e641b33a1a9d1be7f01,
        type: 3}
      propertyPath: m_Size.z
      value: 0.01
      objectReference: {fileID: 0}
    - target: {fileID: 6845656071956746492, guid: 704d82a779fd6e641b33a1a9d1be7f01,
        type: 3}
      propertyPath: m_Size.z
      value: 0.01
      objectReference: {fileID: 0}
    - target: {fileID: 6845656071961789273, guid: 704d82a779fd6e641b33a1a9d1be7f01,
        type: 3}
      propertyPath: m_Size.z
      value: 0.01
      objectReference: {fileID: 0}
    - target: {fileID: 6845656071971612169, guid: 704d82a779fd6e641b33a1a9d1be7f01,
        type: 3}
      propertyPath: m_Size.z
      value: 0.01
      objectReference: {fileID: 0}
    - target: {fileID: 6845656071972762292, guid: 704d82a779fd6e641b33a1a9d1be7f01,
        type: 3}
      propertyPath: m_Size.z
      value: 0.01
      objectReference: {fileID: 0}
    - target: {fileID: 6845656071978929652, guid: 704d82a779fd6e641b33a1a9d1be7f01,
        type: 3}
      propertyPath: m_Size.z
      value: 0.01
      objectReference: {fileID: 0}
    - target: {fileID: 6845656071982954212, guid: 704d82a779fd6e641b33a1a9d1be7f01,
        type: 3}
      propertyPath: m_Size.z
      value: 0.01
      objectReference: {fileID: 0}
    - target: {fileID: 6845656071988518116, guid: 704d82a779fd6e641b33a1a9d1be7f01,
        type: 3}
      propertyPath: m_Size.z
      value: 0.01
      objectReference: {fileID: 0}
    - target: {fileID: 6845656071989710952, guid: 704d82a779fd6e641b33a1a9d1be7f01,
        type: 3}
      propertyPath: m_Size.z
      value: 0.01
      objectReference: {fileID: 0}
    - target: {fileID: 6845656071990902800, guid: 704d82a779fd6e641b33a1a9d1be7f01,
        type: 3}
      propertyPath: m_Size.z
      value: 0.01
      objectReference: {fileID: 0}
    - target: {fileID: 6845656071992035008, guid: 704d82a779fd6e641b33a1a9d1be7f01,
        type: 3}
      propertyPath: m_Size.z
      value: 0.01
      objectReference: {fileID: 0}
    - target: {fileID: 6845656071993078976, guid: 704d82a779fd6e641b33a1a9d1be7f01,
        type: 3}
      propertyPath: m_Size.z
      value: 0.01
      objectReference: {fileID: 0}
    - target: {fileID: 6845656071993083520, guid: 704d82a779fd6e641b33a1a9d1be7f01,
        type: 3}
      propertyPath: m_Size.z
      value: 0.01
      objectReference: {fileID: 0}
    - target: {fileID: 6845656071996634544, guid: 704d82a779fd6e641b33a1a9d1be7f01,
        type: 3}
      propertyPath: m_Size.z
      value: 0.01
      objectReference: {fileID: 0}
    - target: {fileID: 6845656072007434480, guid: 704d82a779fd6e641b33a1a9d1be7f01,
        type: 3}
      propertyPath: m_Size.z
      value: 0.01
      objectReference: {fileID: 0}
    - target: {fileID: 6845656072014804092, guid: 704d82a779fd6e641b33a1a9d1be7f01,
        type: 3}
      propertyPath: m_Size.z
      value: 0.01
      objectReference: {fileID: 0}
    - target: {fileID: 6845656072024126764, guid: 704d82a779fd6e641b33a1a9d1be7f01,
        type: 3}
      propertyPath: m_Size.z
      value: 0.01
      objectReference: {fileID: 0}
    - target: {fileID: 6845656072027277720, guid: 704d82a779fd6e641b33a1a9d1be7f01,
        type: 3}
      propertyPath: m_Size.z
      value: 0.01
      objectReference: {fileID: 0}
    - target: {fileID: 6845656072030192412, guid: 704d82a779fd6e641b33a1a9d1be7f01,
        type: 3}
      propertyPath: m_Size.z
      value: 0.01
      objectReference: {fileID: 0}
    - target: {fileID: 6845656072030702176, guid: 704d82a779fd6e641b33a1a9d1be7f01,
        type: 3}
      propertyPath: m_Size.z
      value: 0.01
      objectReference: {fileID: 0}
    - target: {fileID: 6845656072032688108, guid: 704d82a779fd6e641b33a1a9d1be7f01,
        type: 3}
      propertyPath: m_Size.z
      value: 0.01
      objectReference: {fileID: 0}
    - target: {fileID: 6845656072041787164, guid: 704d82a779fd6e641b33a1a9d1be7f01,
        type: 3}
      propertyPath: m_Size.z
      value: 0.01
      objectReference: {fileID: 0}
    - target: {fileID: 6845656072047153980, guid: 704d82a779fd6e641b33a1a9d1be7f01,
        type: 3}
      propertyPath: m_Size.z
      value: 0.01
      objectReference: {fileID: 0}
    - target: {fileID: 6845656072048645748, guid: 704d82a779fd6e641b33a1a9d1be7f01,
        type: 3}
      propertyPath: m_Size.z
      value: 0.01
      objectReference: {fileID: 0}
    - target: {fileID: 6845656072050727292, guid: 704d82a779fd6e641b33a1a9d1be7f01,
        type: 3}
      propertyPath: m_Size.z
      value: 0.01
      objectReference: {fileID: 0}
    - target: {fileID: 6845656072067665572, guid: 704d82a779fd6e641b33a1a9d1be7f01,
        type: 3}
      propertyPath: m_Size.z
      value: 0.01
      objectReference: {fileID: 0}
    - target: {fileID: 6845656072069726928, guid: 704d82a779fd6e641b33a1a9d1be7f01,
        type: 3}
      propertyPath: m_Size.z
      value: 0.01
      objectReference: {fileID: 0}
    - target: {fileID: 6845656072080050420, guid: 704d82a779fd6e641b33a1a9d1be7f01,
        type: 3}
      propertyPath: m_Size.z
      value: 0.01
      objectReference: {fileID: 0}
    - target: {fileID: 6845656072083522844, guid: 704d82a779fd6e641b33a1a9d1be7f01,
        type: 3}
      propertyPath: m_Size.z
      value: 0.01
      objectReference: {fileID: 0}
    - target: {fileID: 6845656072083731036, guid: 704d82a779fd6e641b33a1a9d1be7f01,
        type: 3}
      propertyPath: m_Size.z
      value: 0.01
      objectReference: {fileID: 0}
    - target: {fileID: 6845656072086800728, guid: 704d82a779fd6e641b33a1a9d1be7f01,
        type: 3}
      propertyPath: m_Size.z
      value: 0.01
      objectReference: {fileID: 0}
    - target: {fileID: 6845656072087055136, guid: 704d82a779fd6e641b33a1a9d1be7f01,
        type: 3}
      propertyPath: m_Size.z
      value: 0.01
      objectReference: {fileID: 0}
    - target: {fileID: 6845656072090657348, guid: 704d82a779fd6e641b33a1a9d1be7f01,
        type: 3}
      propertyPath: m_Size.z
      value: 0.01
      objectReference: {fileID: 0}
    - target: {fileID: 6845656072091363948, guid: 704d82a779fd6e641b33a1a9d1be7f01,
        type: 3}
      propertyPath: m_Size.z
      value: 0.01
      objectReference: {fileID: 0}
    m_RemovedComponents: []
  m_SourcePrefab: {fileID: 100100000, guid: 704d82a779fd6e641b33a1a9d1be7f01, type: 3}
--- !u!1001 &8121772085171232010
PrefabInstance:
  m_ObjectHideFlags: 0
  serializedVersion: 2
  m_Modification:
    m_TransformParent: {fileID: 0}
    m_Modifications:
    - target: {fileID: 2180737563878348548, guid: e80a580393f45e6469d10d4670dadf2f,
        type: 3}
      propertyPath: m_Name
      value: World
      objectReference: {fileID: 0}
    - target: {fileID: 2180737563878348547, guid: e80a580393f45e6469d10d4670dadf2f,
        type: 3}
      propertyPath: m_LocalPosition.x
      value: 9.5
      objectReference: {fileID: 0}
    - target: {fileID: 2180737563878348547, guid: e80a580393f45e6469d10d4670dadf2f,
        type: 3}
      propertyPath: m_LocalPosition.y
      value: 0
      objectReference: {fileID: 0}
    - target: {fileID: 2180737563878348547, guid: e80a580393f45e6469d10d4670dadf2f,
        type: 3}
      propertyPath: m_LocalPosition.z
      value: 9.5
      objectReference: {fileID: 0}
    - target: {fileID: 2180737563878348547, guid: e80a580393f45e6469d10d4670dadf2f,
        type: 3}
      propertyPath: m_LocalRotation.x
      value: 0
      objectReference: {fileID: 0}
    - target: {fileID: 2180737563878348547, guid: e80a580393f45e6469d10d4670dadf2f,
        type: 3}
      propertyPath: m_LocalRotation.y
      value: 0
      objectReference: {fileID: 0}
    - target: {fileID: 2180737563878348547, guid: e80a580393f45e6469d10d4670dadf2f,
        type: 3}
      propertyPath: m_LocalRotation.z
      value: 0
      objectReference: {fileID: 0}
    - target: {fileID: 2180737563878348547, guid: e80a580393f45e6469d10d4670dadf2f,
        type: 3}
      propertyPath: m_LocalRotation.w
      value: 1
      objectReference: {fileID: 0}
    - target: {fileID: 2180737563878348547, guid: e80a580393f45e6469d10d4670dadf2f,
        type: 3}
      propertyPath: m_RootOrder
      value: 0
      objectReference: {fileID: 0}
    - target: {fileID: 2180737563878348547, guid: e80a580393f45e6469d10d4670dadf2f,
        type: 3}
      propertyPath: m_LocalEulerAnglesHint.x
      value: 0
      objectReference: {fileID: 0}
    - target: {fileID: 2180737563878348547, guid: e80a580393f45e6469d10d4670dadf2f,
        type: 3}
      propertyPath: m_LocalEulerAnglesHint.y
      value: 0
      objectReference: {fileID: 0}
    - target: {fileID: 2180737563878348547, guid: e80a580393f45e6469d10d4670dadf2f,
        type: 3}
      propertyPath: m_LocalEulerAnglesHint.z
      value: 0
      objectReference: {fileID: 0}
    m_RemovedComponents: []
  m_SourcePrefab: {fileID: 100100000, guid: e80a580393f45e6469d10d4670dadf2f, type: 3}
